2942 4717
217 310 261 358 ro
582 275 712 357 'Praxis
728 287 923 357 confessarii

211 414 270 475 est
292 425 497 501 paucorum
523 396 783 492 Confessiones
801 399 867 475 rite
895 400 1008 475 factas
1024 398 1174 488 audire,
1192 403 1307 501 quim

211 497 419 575 multorum
435 498 686 587 inordinatas,
701 510 739 571 et
753 497 833 574 sine
844 499 979 573 fructu.
997 499 1069 573 Hic
1083 501 1308 577 animadver-

211 611 292 672 tere
308 613 484 698 oportet,
504 602 615 699 quem
637 623 834 700 perperam
851 612 961 697 agant
977 599 1034 671 illi
1058 599 1305 689 confessarii,

196 698 281 797 *qui
301 698 367 785 [εἰ
394 695 638 772 Paenitentem
660 695 923 797 indispositum
942 699 1231 789 nanciscuntur,
1254 724 1304 795 ne

213 821 302 872 oum
317 794 384 868 illo
402 794 544 898 aliquid
562 797 752 869 insumant
775 798 970 895 temporis,
990 800 1112 870 statim
1126 802 1147 870 t
1160 822 1200 870 se
1217 822 1305 874 eum

213 892 315 970 abire
329 893 474 995 jubent.
486 896 611 969 Sciant
623 899 816 995 propterea
832 895 1041 970 istiusmodi
1057 896 1304 987 Confessarii,

212 992 345 1067 validis
366 997 435 1068 niti
456 995 657 1071 rationibus
681 993 902 1068 sententiam
925 993 1077 1069 illorum
1099 997 1307 1070 Doctorum

198 1092 345 1185 ¹(Tem.
366 1093 401 1164 6.
422 1092 451 1169 l.
475 1092 500 1168 6
520 1101 564 1167 n.
586 1095 681 1184 608,
698 1119 733 1164 v.
754 1094 826 1166 Hle
848 1091 1052 1190 Adverte),
1079 1094 1144 1194 qui
1174 1094 1308 1168 volunt

193 1175 285 1292 ‘pro
309 1189 448 1266 viribus
476 1193 594 1267 teneri
613 1191 907 1284 Confessari'um,
931 1193 1196 1277 Poenitentem,
1217 1192 1307 1268 licet

213 1288 366 1367 accedat
391 1291 661 1390 indispositus,
691 1292 739 1364 ad
764 1290 1047 1366 Absolutionem
1078 1291 1305 1391 disponeret

200 1388 490 1464 'consideranda'
497 1392 530 1463 ei
536 1389 782 1491 proponendo
792 1417 827 1490 r.
840 1417 893 1489 gr.
901 1390 1078 1490 injuriam
1086 1390 1304 1481 maximam,

215 1488 290 1585 qud
308 1489 429 1563 Deum
445 1491 520 1562 suis
534 1488 871 1574 sceleribusaflieit,
887 1489 1095 1587 periculum
1107 1490 1307 1563 imminens

212 1607 289 1660 auae
314 1586 561 1663 damnationis
579 1605 647 1662 etc.
665 1589 716 1663 Et
741 1587 872 1689 parlun
889 1589 1022 1677 refert,
1037 1587 1140 1689 quod
1156 1587 1216 1659 alii
1236 1613 1305 1661 ex-

240 1699 380 1771 eutent,
400 1702 464 1760 aut
481 1687 679 1761 inconfessi
705 1685 918 1779 discedant3
934 1687 1186 1760 Confessarius
1203 1686 1305 1760 euim

196 1711 261 1859 'de
278 1782 351 1860 hoo
377 1785 544 1873 tantiam,
569 1789 634 1884 qui
653 1785 724 1859 sibi
749 1812 850 1860 nuno
876 1787 1097 1876 confitetur,
1116 1810 1194 1862 non
1218 1782 1306 1859 verb

210 1882 261 1958 'de
277 1883 357 1958 aliis
374 1884 490 1958 indie
503 1884 641 1961 ludicii
658 1889 836 1959 rationem
854 1883 1009 1958 reddere
1026 1883 1147 1959 debet.

262 1986 298 2056 8.
314 1983 363 2056 Et
379 1986 427 2057 itt
448 1985 560 2058 etlam
576 1983 826 2058 Confessarius
841 1996 987 2057 tenetur
1003 1983 1203 2057 admonere
1216 1982 1307 2057 Poe·

212 2080 392 2171 nitentem
418 2082 465 2156 de
491 2082 613 2181 aliqua
639 2081 743 2157 illius
767 2083 974 2181 ignorantia
998 2079 1203 2182 culpabili,
1230 2078 1307 2156 sive

211 2175 293 2251 haec
311 2181 358 2253 sit
375 2182 465 2281 juris
482 2181 678 2272 naturalis,
689 2180 764 2256 sire
808 2181 938 2255 ositivi.
948 2180 1060 2275 Quod
1072 2181 1103 2253 si
1116 2178 1305 2278 Poenitens

211 2285 396 2353 'tenereter
409 2281 613 2378 ignorantie
626 2209 869 2380 inculpabili3
888 2294 980 2354 tunc
994 2282 1025 2353 si
1039 2306 1080 2353 ea
1095 2293 1189 2352 esset
1205 2280 1307 2354 cirne

212 2375 335 2450 media
355 2378 450 2454 scitu
463 2382 666 2474 necessaria
682 2380 729 2452 ad
743 2381 918 2470 salutem,
932 2376 1044 2453 debet
1053 2378 1307 2451 confessarius

210 2475 263 2546 ‘ab
287 2475 357 2549 hae
384 2477 593 2576 ignorantia
616 2504 704 2552 eum
725 2501 938 2563 removere;
959 2480 990 2551 si
1007 2479 1075 2552 erit
1096 2477 1193 2550 eirca
1211 2474 1308 2565 alia,

215 2573 414 2676 dequibus
433 2587 554 2676 potest
576 2577 657 2650 dari
672 2577 881 2676 ignorantia
897 2575 1144 2663 invincibilis,
1161 2574 1249 2649 licet
1260 2577 1310 2649 stt

206 2673 305 2770 'iuris
321 2673 436 2749 divini
453 2731 463 2764 ,
480 2691 515 2749 et
534 2673 739 2776 prudenter
754 2674 1004 2749 confessarius
1022 2676 1221 2757 existimet,
1238 2674 1309 2747 ad·

212 2772 457 2849 monitionem
474 2801 548 2847 non
567 2774 642 2847 fore
657 2774 890 2874 profuturam
907 2773 1122 2873 poenitenti,
1138 2787 1230 2847 tune
1242 2771 1307 2846 ab·

205 2871 738 2947 ‘stinendumabadmonitione
747 2873 815 2945 erit
826 2930 837 2959 ,
850 2875 1075 2974 etpoenitens
1089 2871 1308 2971 relinquen·

206 2967 284 3043 'dus
296 2970 335 3043 in
345 2970 514 3045 suabsna
524 2970 609 3043 fide.
623 2970 718 3046 Etin
729 2971 1034 3046 bocconreniunt
1041 2973 1220 3046 Doctores
1227 2970 1309 3065 rigi·

214 3066 713 3162 dioris'sententiae3ratioest.
727 3068 1146 3170 quiama'giscarendum
1156 3072 1237 3142 esta
1248 3094 1311 3168 pe·

210 3166 482 3269 riculopeceati
491 3169 666 3259 formalis,
677 3167 790 3267 quem
799 3169 1010 3258 materialis,
1022 3171 1108 3269 quia
1121 3168 1220 3240 Deus
1232 3181 1309 3239 tan·

207 3262 295 3338 tirm
305 3265 458 3340 formale
471 3273 590 3367 punita
604 3269 789 3367 siquidem
800 3269 871 3343 b'oe
884 3264 1122 3342 solummodb
1133 3267 1172 3338 in
1184 3266 1241 3339 sui
1254 3265 1310 3338 of·

148 3397 168 3452 '.
209 3359 355 3440 sensam
372 3364 501 3458 habet;
518 3367 590 3443 boc
604 3365 685 3441 fuse
699 3368 896 3469 probatum
909 3384 963 3440 est
975 3368 1098 3465 Opere
1111 3367 1151 3438 in
1171 3362 1305 3439 Murali

206 3462 281 3559 (n,
299 3463 412 3556 610),
435 3492 523 3538 cum
548 3470 741 3542 eommuni
768 3465 846 3541 ul).
877 3468 1004 3566 paucis
1032 3464 1205 3564 exceptis.
1222 3464 1307 3557 Qud

213 3557 261 3636 de
281 3577 327 3637 ¹re
347 3559 411 3639 bie
430 3566 540 3639 'ellim
565 3590 652 3639 oum
678 3566 871 3642 cummiani
890 3570 959 3659 (n.
980 3565 1023 3640 61
1037 3566 1096 3661 t),
1125 3561 1308 3649 infertur,

213 3659 341 3760 quod,
364 3662 395 3736 si
425 3665 508 3762 qula
534 3664 810 3739 Matrimonium
838 3662 1078 3738 contraxisset
1102 3660 1309 3760 invalidum

241 3769 368 3859 lopter
382 3759 535 3862 aliquod
547 3763 738 3836 occultum
757 3763 1084 3863 impedimentum,
1104 3760 1193 3835 etin
1210 3758 1311 3838 bont

207 3785 286 3932 bue
302 3875 492 3951 maneret,
513 3874 550 3935 et
566 3864 695 3935 contri
712 3860 925 3963 perieulum
945 3859 1110 3935 subesset
1123 3859 1308 3949 infamiae,

203 3957 377 4056 ‘scandali
394 4016 402 4036 .
421 3974 485 4033 aut
504 3962 782 4035 incontinentiae
798 3961 855 4046 ,si
872 3960 1169 4056 manifestaretur
1184 3957 1310 4032 Matri·

203 4058 502 4133 monii‘nullitas
518 4115 529 4148 ,
545 4073 636 4134 tune
658 4059 910 4133 Confessnrius
929 4057 1062 4131 debeat
1082 4057 1225 4131 eumin
1241 4082 1310 4133 sua

203 4146 310 4249 bona
331 4157 406 4235 fide
424 4158 661 4264 relinquere,
685 4157 806 4236 donee
822 4156 1145 4261 dispensationem
1168 4158 1311 4234 asarta
