2942 4717
493 264 544 336 Ex
560 269 710 360 operibus
724 266 890 336 Benedicti
905 265 998 337 xlv.
1220 254 1301 343 v455

194 395 341 473 potsunt
359 377 535 469 Regulares
557 379 620 449 illis
645 383 698 450 die
707 381 834 449 Paschae
854 381 1094 449 Sacramentum
1120 382 1298 452 Eucharis-

205 470 260 535 tie
280 470 473 537 ministrare.
504 469 737 536 Defunctorum
760 492 894 561 corpora
917 466 1089 559 sepulturae
1112 473 1297 540 mandanda

203 559 336 623 suntin
360 556 500 623 Ecclesia
523 553 721 643 Parochiali‚
748 558 811 624 nisi
827 557 911 623 fortia
933 557 968 623 in
990 554 1130 623 Ecclesia
1153 558 1298 646 Regula-

191 644 290 794 {ull
312 647 363 711 sui
391 644 525 797 Orlplinis
548 642 754 736 sepulchrum
779 659 857 712 esset
878 641 943 709 illis
963 643 1169 711 destinatum.
1187 648 1294 715 lnstit.

232 753 267 794 cc
283 752 428 819 ..19n.1
455 778 464 798 .
969 804 972 815 ,

246 817 438 885 Benedictus
453 813 541 885 xltt.
559 818 660 885 multa
676 819 827 886 cencessit
841 817 1029 895 Tertiariis,
1046 817 1114 884 sive
1125 819 1244 901 suivant
1258 826 1294 887 in

203 908 367 970 communi
383 906 596 993 Monasterio,
614 906 682 973 sive
697 907 786 973 domi
804 928 868 972 suae
885 908 986 972 vitam
1004 922 1100 991 agant
1112 908 1292 996 privatam,

201 1011 274 1143 qum
298 997 411 1083 utique
443 997 492 1082 jus
519 992 641 1060 novum
669 994 864 1073 concedere,
896 993 1104 1077 viderentur3
1130 993 1186 1057 sed
1219 1015 1294 1059 cum

218 1075 350 1145 ‘lemene
372 1081 434 1143 Xss
450 1080 485 1146 in
501 1102 557 1145 sua
583 1080 821 1147 Constitutione
840 1079 1002 1146 Romanus
1023 1080 1101 1143 anni
1123 1078 1204 1166 1732
1222 1083 1292 1167 jura
1323 1120 1326 1130 =

200 1162 430 1232 Tertiariarum
448 1168 648 1233 revocaverit
662 1167 703 1233 ad
719 1167 871 1233 terminos
888 1163 1026 1233 Concilii
1039 1165 1243 1252 Tridentini,
1255 1189 1293 1232 ac
1309 1198 1320 1237 ι

198 1249 411 1323 Decretorum
430 1251 711 1405 Apostolicorum
730 1250 914 1342 idedlnihil
933 1264 1055 1321 novum
1070 1252 1111 1319 de
1125 1249 1201 1339 ptus
1222 1269 1291 1322 sta-

196 1338 356 1404 tuendum
372 1356 429 1406 est.
447 1341 457 1405 i
483 1341 517 1405 id
532 1363 567 1406 n.
588 1342 640 1408 16.
1249 1365 1251 1369 ·

209 1424 407 1496 ‚Tertiariae
432 1425 640 1513 collegialiter
663 1427 810 1493 viventes
834 1449 873 1494 ex
898 1440 1027 1516 recepta
1054 1423 1089 1492 S.
1124 1422 1286 1514 Congreg.

193 1510 409 1579 immunitatis
434 1514 607 1604 opinione,
633 1513 775 1602 gaudent
804 1513 1006 1580 immunitate
1034 1513 1110 1579 fori.
1137 1511 1288 1579 Vicissim

194 1614 302 1665 eutem
315 1600 481 1667 Tertiariae
496 1601 530 1666 in
546 1602 694 1667 domibus
703 1601 838 1690 privatis
853 1599 1035 1666 habitantes
1049 1600 1163 1665 eodem
1206 1602 1289 1665 rivi·
1332 1668 1334 1671 ,

194 1683 282 1773 legio
301 1708 367 1755 nou
383 1688 546 1777 gaudent,
572 1711 612 1757 ex
627 1687 819 1754 Doctoribus
834 1687 1000 1783 delinitur.
1019 1686 1097 1752 Inst.
1116 1623 1205 1752 Eccl
1226 1688 1287 1754 105

87 1772 92 1780 .
186 1772 304 1867 'mg‘
404 1776 407 1783 ,

569 1881 914 1954 TESTAMENTUM.

235 2086 477 2155 Testamentum
501 2087 628 2152 factum'
647 2107 754 2150 coram
779 2080 944 2167 Parocho‚
969 2096 1002 2148 et
1027 2079 1153 2148 duobus
1176 2080 1287 2149 saltem

189 2174 322 2241 testibus
336 2176 462 2241 idoneis
477 2171 562 2240 valet
577 2195 637 2274 pro
652 2187 722 2239 toto
738 2172 832 2270 Statu
847 2167 1087 2269 Ecclesiastico,
1105 2170 1167 2234 nisi
1185 2168 1287 2237 obstet

186 2277 341 2328 statutum
357 2259 489 2353 aliquod
506 2255 724 2350 municipale,
745 2282 785 2325 ex
800 2259 1010 2347 disposrtrone
1026 2255 1107 2344 Cap.
1134 2255 1217 2322 Cum
1234 2280 1288 2323 es-

186 2371 436 2519 sesTlidlameuta
451 2434 492 2503 ad
509 2456 616 2512 causas
636 2434 705 2524 pias
724 2446 794 2496 toto
815 2427 903 2496 Orbe
931 2426 1100 2534 Catholiyo
1121 2425 1231 2494 valent
1255 2430 1283 2496 si

186 2520 267 2588 fiant
283 2546 390 2590 coram
408 2520 534 2590 duobus
546 2521 700 2607 testibus,
718 2541 759 2585 ex
781 2519 860 2607 Cap.
877 2513 1027 2601 Relatum
1047 2539 1083 2581 11
1104 2515 1144 2581 de
1165 2515 1282 2583 Testa-

184 2610 312 2676 mentis.
331 2611 409 2676 lust.
428 2606 516 2674 Eccl.
537 2610 609 2675 105.

230 2696 347 2784 Qudad
363 2697 606 2787 dispositionem
622 2693 747 2784 Capitis
765 2691 841 2757 Cum
857 2711 940 2756 esses
957 2708 1023 2754 non
1039 2684 1154 2754 sufficit
1170 2687 1200 2753 si
1213 2690 1279 2755 sint

184 2780 282 2870 duo„
294 2780 347 2849 vel
368 2800 431 2851 tres
447 2799 562 2871 testes,
580 2799 612 2849 et
632 2780 714 2847 absit
729 2776 912 2862 Parochus,
939 2788 1011 2840 cum
1031 2775 1065 2840 in
1084 2775 1218 2842 Canone
1239 2778 1280 2842 sit

188 2869 304 2936 Coram
319 2870 509 2961 Presbytero
525 2893 597 2937 suo.
615 2868 682 2937 Nec
696 2864 813 2933 sufficit
827 2867 853 2929 si
870 2862 1032 2929 deiectum
1047 2860 1183 2941 Parochi
1199 2884 1282 2953 sup-

184 2954 272 3045 pleat
289 2955 504 3049 capellarum
522 2959 718 3049 sicutneque
737 2955 764 3020 si
779 2952 979 3042 presentiam
996 2962 1123 3040 praestet
1140 2948 1279 3016 Confes-

182 3046 284 3127 sprius
312 3046 512 3114 ordinarius·
533 3040 668 3112 Demlim
691 3057 785 3108 testes
809 3035 942 3104 masculi
962 3038 1195 3127 requiruntur,
1219 3058 1281 3102 nee

182 3129 322 3209 foeminae
345 3131 466 3199 valent.
495 3128 634 3202 Demirm
660 3124 745 3196 valet
768 3138 993 3195 testamentum
1018 3126 1062 3190 ita
1087 3122 1277 3209 conditum,

184 3218 308 3292 etiamsi
323 3234 454 3287 testator
470 3244 537 3288 non
551 3222 593 3287 sit
607 3219 642 3284 in
659 3233 802 3285 extremo
820 3215 896 3279 vitae
911 3208 1070 3303 periculo.
1088 3208 1135 3275 ib.
1153 3232 1188 3275 n.
1206 3206 1239 3274 8.
1258 3226 1279 3292 9

135 3418 139 3425 ·
180 3317 213 3369 et
225 3325 401 3458 idiihenda
422 3403 497 3456 sunt
513 3398 700 3454 testamenta
717 3385 737 3447 a
752 3383 897 3452 Parocho
913 3385 1021 3449 cor'am
1039 3376 1193 3465 testibus,
1211 3383 1277 3446 eta

182 3464 331 3547 testatore
345 3475 580 3559 subcribencla‚
596 3472 678 3539 sicirt
695 3471 823 3535 etfama
844 3468 1012 3553 Parocho‚
1030 3482 1062 3533 et
1078 3464 1222 3533 testibus.
1241 3467 1276 3533 Si

180 3583 288 3640 tamen
298 3565 435 3634 scribere
444 3575 605 3655 nequeant
615 3596 626 3646 r‘
637 3554 753 3625 sufficit
762 3557 920 3647 scriptura
933 3554 1069 3622 Parochi
1081 3603 1092 3641 ‚
1103 3568 1134 3621 et
1143 3556 1272 3641 siguum

181 3653 293 3722 Crucis
309 3654 496 3744 impressum
518 3651 552 3714 in
569 3646 713 3714 chariat
730 3641 877 3710 testibus.
894 3642 975 3709 ibid.
994 3665 1029 3707 n.
1050 3645 1104 3708 14.

183 3806 187 3813 .
225 3742 272 3807 lu
290 3741 350 3808 seri
376 3756 444 3806 tum
460 3748 683 3804 testamentum
701 3728 813 3796 salt'em
829 3731 912 3796 intra
930 3742 1003 3796 octo
1023 3729 1090 3794 dies
1114 3725 1279 3796 Parochus

181 3852 257 3897 cum
272 3765 405 3896 tentius
421 3826 544 3893 deferre
560 3821 655 3889 debet
677 3814 865 3895 tabellioni3
885 3831 917 3883 et
934 3818 960 3884 si
980 3815 1065 3882 adsit
1082 3812 1274 3905 subscriptio

180 3917 375 4002 Testatoris,
394 3928 426 3981 et
443 3913 592 3996 testium,
615 3929 682 3993 non
701 3904 895 3997 requiritur,
911 3920 948 3970 ut
971 3900 1097 3989 singula
1122 3918 1274 3981 contenta

178 4009 418 4079 intestamerrto
446 4000 586 4069 referant
607 3994 754 4063 Notario.
779 3991 814 4059 Si
827 3988 924 4058 nulla
949 3994 991 4057 sit
1010 3991 1169 4056 testatoris
1192 3988 1272 4055 sub-

178 4078 332 4184 scriptio,
356 4106 435 4156 tunc
457 4082 637 4170 Parochus‚
659 4105 714 4149 seu
729 4079 884 4148 Sacerdos
898 4077 976 4144 vivi
994 4096 1075 4143 voce
1091 4078 1272 4167 exprimere
1379 4141 1386 4150 ,

178 4179 274 4251 debet
291 4175 451 4270 quidquid
469 4179 503 4240 in
520 4170 558 4240 eo
577 4183 765 4240 testamento
783 4166 987 4253 continetur3
1007 4165 1113 4255 quod,
1131 4166 1193 4229 eta
1208 4166 1270 4229 sin·

177 4267 260 4357 gulis
276 4265 408 4338 testibus
432 4265 573 4336 seorsum
596 4257 813 4352 prestandum
838 4269 895 4324 est.
919 4251 1089 4346 Denique,
1106 4266 1137 4321 et
1152 4244 1272 4340 singuli
