2942 4717
648 333 1228 384 *mmmm

148 545 211 686 Ϊ
389 497 957 762 inruonouno

139 1160 172 1255 1.
195 1091 833 1286 llllnornutiqneeritmeraet‚
847 1169 929 1305 qual
942 1165 986 1255 in
1002 1164 1225 1258 aeternitate

139 1283 633 1399 compensabunturhoni
645 1284 969 1385 Confessarri,et
979 1284 1032 1371 de
1044 1281 1115 1382 lua,
1125 1319 1227 1402 prae·

139 1399 410 1488 destinatione
425 1402 480 1486 ita
492 1402 630 1487 securi
647 1403 810 1501 sontii,
833 1397 905 1520 qui
926 1434 970 1487 se
989 1400 1039 1488 ad
1056 1406 1228 1488 Anima-

135 1547 236 1602 rum
259 1516 440 1602 -salutern
469 1540 700 1632 occupant,
728 1541 777 1602 nt
793 1517 981 1607 Jacobus
1001 1518 1229 1634 Apostolus

135 1631 283 1747 (Epist.
299 1662 336 1717 a.
358 1638 382 1718 5
398 1662 436 1722 v.
454 1634 528 1744 20)
539 1632 757 1748 perspicue
773 1631 855 1719 hoc
873 1655 1041 1719 testetur
1057 1633 1119 1719 his
1134 1666 1228 1719 ver·

133 1741 231 1832 bis:
260 1744 345 1863 Qui
367 1749 544 1845 converti
560 1747 709 1853 fecen't
725 1768 981 1863 peccatorem
1009 1747 1062 1834 ab
1091 1780 1229 1836 errore

132 1864 209 1960 aaa
221 1894 323 1961 saae,
337 1861 507 1947 salvabit
520 1865 701 1948 animum
715 1865 802 1979 ejm
816 1868 836 1977 (
847 1869 998 1978 nempe
1019 1867 1129 1978 ejus,
1154 1863 1229 1981 qui

135 1981 327 2063 converti
349 1976 517 2076 lecerit,
538 1983 646 2064 utut
669 1978 855 2097 loquitur
882 2003 1015 2065 textus
1041 2009 1227 2092 graecus,

23 2155 26 2161 -
131 2094 331 2194 Animam
347 2095 495 2205 suam)
514 2098 701 2193 almerae,
719 2115 760 2180 et
771 2095 922 2211 opertet
934 2094 1229 2179 multitudinem

126 2228 399 2323 peccatorum.
411 2206 496 2294 Sed
505 2207 616 2322 luget
629 2231 753 2329 atque
765 2209 1014 2296 lamentatur
1023 2209 1229 2310 Ecclesia,

134 2324 284 2413 videns
295 2348 358 2411 tot
370 2322 478 2410 filios
493 2355 589 2412 suos
601 2349 776 2441 propter
789 2325 999 2412 malorum
1017 2323 1230 2411 Confessa-

133 2443 297 2534 riorum
317 2442 400 2527 sive
416 2441 684 2554 imperitiam,
703 2441 788 2527 sive
808 2441 1032 2540 incuriam,
1051 2441 1134 2526 sive
1150 2440 1231 2526 im·

133 2559 333 2671 pietatem
350 2553 404 2642 ad
420 2554 651 2670 gehennam
672 2554 886 2661 destinari;
902 2558 1055 2641 etenim
1071 2587 1122 2641 ex
1137 2555 1230 2639 illo·

134 2702 234 2757 rum
248 2670 365 2757 bono
378 2696 450 2757 aut
463 2671 575 2757 malo
591 2672 788 2788 regimine
833 2672 1063 2758 otissimitm
1075 2668 1230 2785 Populi

132 2789 357 2902 pernicies,
386 2812 456 2872 aut
479 2785 585 2872 salus
608 2785 778 2924 pendet.
853 2786 1054 2874 abeantur
1083 2783 1228 2872 idonei

134 2899 879 3019 Confessarii(dixitS.P1usV·)‚ecce
893 2905 1081 2990 omnium
1093 2901 1231 2988 Chris-

132 3020 346 3103 tianorum
366 3016 609 3105 omnimoda
632 3015 890 3104 reformatio.
913 3019 1016 3103 Non
1036 3019 1148 3102 euim
1167 3040 1233 3102 est

135 3131 434 3228 dubitandum,
458 3136 579 3249 quin,
596 3138 629 3220 si
647 3165 794 3219 omnes
809 3130 1059 3219 Confessarii
1073 3138 1122 3219 eal
1136 3132 1229 3246 pol-

134 3246 272 3334 lerent
285 3249 472 3349 scientia,
491 3272 532 3335 et
544 3279 713 3338 morum
729 3249 935 3349 bonitate,
950 3279 1050 3368 quas
1066 3253 1228 3334 tantum

133 3361 417 3450 Ministerinm
432 3368 571 3479 exigit,
588 3396 666 3452 nec
681 3362 865 3451 mundus
878 3366 932 3450 ita
951 3388 1226 3480 peccatorum

134 3509 261 3564 coeno
277 3477 518 3593 deturpatus
532 3504 659 3579 esset,
676 3497 754 3567 nec
769 3479 961 3565 infernus
975 3503 1037 3566 tot
1050 3479 1231 3593 baptiza
1273 3481 1274 3486 ‘

134 3611 279 3679 torum
296 3595 528 3682 Animabus
542 3597 785 3711 repleretur.
811 3597 866 3681 Et
889 3627 989 3681 cum
1010 3594 1229 3679 bonitatem

136 3707 235 3794 dico
253 3779 262 3808 ‚
284 3741 368 3794 non
384 3710 452 3796 hie
467 3711 649 3825 intelligo
667 3711 780 3796 illam
794 3710 928 3796 solam
946 3709 1226 3816 habitualem.

135 3855 232 3942 quae
265 3825 496 3942 simplicem
524 3825 678 3912 Gratiae
709 3851 880 3926 statum,
903 3823 976 3910 sed
1006 3823 1228 3939 positivam

133 3939 394 4041 bonitatem,
419 3931 513 4060 q'uae
533 3943 773 4028 Ministrum
793 3942 1048 4027 Poeniteutioe
1076 3935 1225 4031 decet,

41 4075 44 4086 ’
134 4057 430 4260 cuitamtpuim
445 4060 596 4144 nutrici
610 4055 765 4173 duplex
775 4054 1017 4143 alimentum
1030 4085 1137 4190 opus
1151 4072 1226 4151 est.=

133 4203 308 4263 nnuma
352 4174 437 4276 sul,
453 4172 628 4262 alterum
648 4173 705 4264 ad.
719 4173 848 4292 prolis
857 4195 1228 4278 sustentationem
