2942 4717
337 319 716 415 capu.x.5rtt.trrevis
730 322 839 415 praxis
852 318 1076 391 oratmenul.
1119 331 1139 360 '¹
1189 273 1254 388 aul·

172 427 275 528 nium
289 455 462 529 precum,
485 461 573 534 quas
592 441 613 510 a
633 435 779 524 Christo
793 490 807 527 ,
821 452 869 510 et
887 434 1053 511 Ecclesia
1068 433 1168 510 docti
1186 461 1252 508 su·

175 550 285 613 mua,
301 531 514 608 utilissimae.
529 563 542 588 -·
594 559 602 588 ¹

215 623 524 729 2252Antequam
538 646 662 708 tamen
677 631 722 705 ab
742 634 905 707 oratione
918 647 1089 721 exeatur,
1108 644 1254 730 oportet

168 720 228 830 (ut
245 725 581 820 sicutnumerus
598 729 781 827 salesius)
800 730 971 831 colligere
981 728 1175 802 fasciculos
1187 727 1254 803 ssa·

164 815 276 912 rilm,
302 819 350 896 'ut'
369 842 487 900 totum
509 827 608 903 diem
632 828 687 902 illi
713 829 869 914 olfiant,
898 828 1074 903 nimiriam
1099 829 1252 925 seligere

163 941 239 1017 prae
257 923 399 996 caeteris
417 951 551 1014 cnam,
572 925 627 999 rel
645 927 798 1001 alteram
816 951 920 1017 rem,
967 931 1011 999 ui
1031 927 1151 999 anima
1169 950 1253 997 ma-

164 1016 214 1113 gis
231 1022 370 1093 moveri
385 1045 424 1095 se
440 1024 574 1108 sensit,
590 1029 631 1097 bt
648 1025 833 1127 reliquum
853 1025 925 1099 diei
939 954 1043 1098 illam
1063 1024 1253 1119 recogitet.

165 1139 197 1186 2.
214 1118 372 1214 Oportet
393 1146 545 1222 operam
563 1121 670 1212 dare,
688 1138 730 1196 ut
749 1123 872 1197 statim
888 1123 1092 1198 executioni
1103 1119 1255 1194 mandet

164 1208 454 1291 deliberationes
470 1220 606 1307 factas,
625 1223 696 1294 tani
712 1222 752 1296 in
768 1222 892 1320 p'arri,
908 1225 1020 1323 quam
1041 1224 1162 1317 magni
1175 1246 1255 1293 mo·

163 1316 283 1391 menti
311 1316 589 1408 occasionibus,
617 1343 699 1420 quae
725 1319 835 1394 nobis
859 1333 1078 1404 occurrent,
1116 1342 1172 1390 ex.
1243 1347 1257 1396 a

163 1419 316 1510 superet
335 1440 422 1487 cum
439 1418 718 1492 mansuetudine
739 1417 945 1510 molestias,
967 1414 1138 1518 quaesibi
1157 1344 1241 1488 inis

162 1521 303 1583 rantur
317 1511 362 1584 ab
381 1512 558 1613 aliquoin
576 1542 614 1588 se
631 1516 688 1589 ira
700 1540 901 1607 succenso;
913 1532 977 1589 aut
992 1540 1032 1588 se
1056 1515 1255 1589 mortificet

161 1606 203 1679 in
223 1609 307 1681 visu
323 1667 333 1699 ,
352 1613 502 1698 andita,
520 1613 559 1687 in
578 1612 780 1715 loquendo.
797 1615 847 1687 Et
861 1611 1047 1714 praecipue
1060 1612 1172 1686 refert
1185 1667 1195 1700 ,
1210 1626 1255 1686 ut

158 1725 247 1778 curn
276 1707 438 1792 silentio,
454 1710 634 1811 quantiam
662 1709 836 1812 possibile
850 1727 928 1799 est,
949 1726 1138 1784 conservet
1166 1709 1252 1783 illos

160 1805 278 1878 animi
294 1808 377 1905 pios
395 1824 515 1882 motus
534 1805 754 1896 affectuum,
773 1835 865 1910 quos
880 1810 918 1882 in
935 1811 1097 1884 oratione
1112 1807 1255 1884 Deusei

155 1905 479 1992 communicavit,
505 1906 670 2010 alioquin
697 1909 728 1983 si
747 1910 870 1981 statim
887 1906 935 1981 ad
953 1910 1112 1982 actiones
1133 1920 1255 1979 exter·

160 2024 232 2074 nas
248 2057 257 2085 ‚
275 2002 369 2076 etad
384 2004 532 2079 inutiles
547 2032 734 2080 sermones
748 2006 924 2098 divertet,
942 2005 1044 2080 illicb
1057 2004 1177 2078 ferror
1189 2003 1253 2077 ille

160 2095 370 2271 depptionis
392 2103 432 2177 in
452 2104 614 2181 oratione
636 2116 838 2207 conceptus
868 2109 1053 2207 tepescet,
1070 2118 1108 2177 et
1125 2105 1257 2177 irritus

161 2222 203 2271 re
262 2215 356 2275 etur.

211 2297 299 2373 226.
316 2301 395 2406 Pae
414 2300 556 2376 ceteris
573 2299 738 2404 deniqui
759 2301 921 2375 director
937 2325 1047 2374 snum
1065 2299 1253 2417 preniten-

160 2408 238 2468 tem
258 2397 390 2472 seduld
407 2397 627 2489 admoueat,
646 2426 693 2474 ne
709 2401 911 2474 orationem
928 2400 1168 2484 iutermrttat,
1186 2424 1253 2473 ne·

162 2520 239 2590 que
265 2494 312 2569 ab
336 2497 400 2569 illa
416 2497 558 2598 aliquid
580 2500 757 2598 temporis
773 2498 961 2585 detrahat,
980 2496 1164 2597 praecipue
1180 2498 1253 2572 sri-

159 2592 287 2691 ditatis
305 2597 488 2694 ternpore,
508 2608 545 2669 et
561 2602 766 2697 numquam
790 2595 982 2683 turbetur,
1010 2593 1098 2668 licet
1116 2597 1255 2686 nimis,

159 2705 197 2764 et
214 2689 285 2764 diu
300 2708 536 2793 cognosceret
561 2697 720 2769 animam
744 2695 783 2768 in
811 2693 976 2768 ariditate
1004 2694 1184 2793 positam,
1208 2719 1252 2768 ac

162 2793 269 2862 omni
286 2789 486 2865 devotionis
495 2791 633 2869 l'errore
646 2802 847 2868 carentem.
863 2793 965 2886 Quot
982 2790 1114 2878 aulici,
1131 2790 1254 2889 ajebat

160 2885 198 2960 S.
217 2887 436 2964 Franciscus
458 2891 643 2978 Salesius,
665 2906 756 2968 eunt
779 2917 888 2965 suum
905 2887 1114 2990 Principem
1129 2890 1253 2963 hono-

161 3002 311 3086 rat-um,
331 3003 367 3061 et
390 2991 552 3062 contenti
579 2980 690 3083 sunt,
718 2990 749 3063 si
773 2989 959 3063 dumtaxat
980 2986 1091 3061 abeo
1115 2990 1254 3088 aspecti

160 3085 281 3158 suni?
316 3083 373 3160 Ad
399 3089 601 3161 orationem
626 3114 692 3162 nos
720 3090 929 3188 pergimus,
960 3103 1008 3159 ut
1033 3086 1253 3186 obsequium

161 3195 378 3282 praestemus
394 3184 491 3274 Deo,
505 3199 541 3257 et
555 3187 588 3259 ei
603 3186 898 3260 obsecundemus
911 3210 921 3271 ς
940 3185 971 3256 'si
985 3185 1056 3286 ipsi
1067 3183 1170 3259 lubet
1183 3211 1251 3258 nos

152 3281 308 3382 alloqui
321 3339 331 3372 ,
345 3297 381 3356 et
397 3283 472 3357 suis
485 3283 797 3358 consolationibus
813 3282 1072 3370 nobissavere,
1090 3283 1136 3357 de
1152 3297 1255 3382 tanta

153 3383 277 3479 gratia
295 3378 328 3453 ei
348 3380 616 3482 rependamus;
632 3384 691 3457 sin
706 3380 849 3469 minias,
863 3379 1050 3455 sufficiens
1061 3383 1130 3473 erit
1144 3380 1252 3470 nobis

163 3479 385 3577 ejus‘divirrae
403 3479 603 3580 praesentim
625 3479 748 3557 adesse
765 3491 870 3581 'aequo
887 3479 1027 3569 animo,
1054 3505 1141 3554 eum
1161 3479 1272 3552 'ado'·'

164 3577 303 3667 raudo,
321 3591 357 3650 et
372 3593 513 3651 nostras
527 3580 759 3653 necessitates
772 3579 806 3651 ei
819 3575 1059 3679 exponendo;
1078 3579 1149 3650 etsi
1161 3592 1255 3651 tunc

164 3677 347 3750 Dominus
362 3674 556 3750 nobiscum
579 3704 654 3752 non
670 3678 846 3779 loquetur
865 3733 875 3764 ,
905 3678 1033 3775 utique
1048 3673 1256 3774 acceptabit

167 3789 331 3847 nostram
351 3777 616 3869 attentionem,
644 3793 679 3850 et
702 3793 863 3851 nostram
882 3772 1093 3847 fidelitatem
1109 3830 1118 3859 ,
1134 3788 1171 3847 et
1184 3797 1257 3874 pro

166 3886 291 3975 nostra
309 3875 348 3978 in
363 3898 450 3949 eum
464 3873 600 3978 fiducia
613 3889 754 3953 nostras
769 3869 961 3976 petitiones
976 3870 1156 3964 exaudiet.
1251 3950 1257 3960 ,

1212 1442 1257 1489 e·
1367 1425 1368 1430 r
