2942 4717
352 292 451 384 ‚Cap
465 292 523 361 lli.
536 290 586 361 De
600 292 767 361 ordinibus
782 295 818 362 in
831 295 948 384 specie.
1137 289 1202 358 265

124 403 170 478 -bi
186 404 280 476 euim
294 420 447 502 possunt
460 404 598 477 absolvi
611 405 869 502 abEpiscopo,
887 401 950 504 qni
964 415 1082 502 potest
1099 403 1210 475 etiim

37 553 40 560 .
132 503 309 575 absolvere
328 507 347 576 i
364 504 595 602 percussione
611 502 680 576 levi
695 501 821 577 adbuc
843 501 1015 603 publica;
1033 516 1070 576 et
1084 499 1208 575 adhuc

135 604 260 700 igrari
276 602 331 674 vel
348 603 513 689 enormi,
530 604 559 674 si
578 602 625 675 sit
638 600 781 675 occultu
800 624 811 692 ;

106 777 110 782 ,
175 703 519 778 Excommunicatus
543 699 654 800 igitirr
673 699 1049 775 excommunicatione
1079 695 1248 793 majorim

35 807 39 820 '
133 799 146 893 l
156 816 226 871 osto
245 800 478 873 sittoleratus
495 800 526 891 )’
554 801 689 872 rivatus
713 795 748 871 ιζ
760 797 946 893 Suffragiis
958 794 1152 873 Ecclesiae.
1171 821 1208 868 n.

133 898 332 981 beneficiis,
353 901 401 970 ita
418 916 458 971 nt
470 824 620 971 collatio
629 897 804 974 Beneficii
814 899 881 995 ipsi
898 891 1212 970 factasitomniub

135 995 243 1068 nulla.
263 998 298 1070 3.
314 995 553 1095 susceptione
573 1014 609 1069 et
626 996 940 1069 administratione
960 995 1211 1069 Sacrameuto·

132 1109 229 1175 tum,
262 1121 305 1168 ac
323 1096 424 1168 om'ni
451 1120 522 1169 usn
541 1094 750 1169 divinorum
782 1093 999 1168 officiorum.
1033 1095 1067 1185 4.
1098 1091 1212 1167 Omni

28 1207 32 1220 '
132 1195 456 1269 communicatione
468 1194 669 1292 spirituali,
682 1208 720 1267 et
738 1194 835 1266 cirili
849 1216 934 1276 cum
951 1192 1134 1266 fidelibus.
1155 1192 1213 1263 Ex

130 1289 192 1361 alia
211 1306 313 1387 parte
333 1307 486 1392 peccunt
512 1289 657 1373 fideles,
684 1293 715 1366 si
738 1293 1014 1366 communicant
1041 1315 1127 1364 cum
1150 1314 1213 1362 ex·

28 1437 30 1446 κ
129 1394 389 1465 communicato
409 1389 559 1466 vitando
575 1448 586 1478 ,
602 1389 676 1464 sire
696 1392 733 1463 in
758 1391 888 1481 diuinis
905 1446 915 1480 ,
931 1387 1066 1488 nempe
1080 1393 1108 1461 si
1123 1405 1212 1461 cum

28 1493 30 1548 i
128 1509 165 1557 eo
184 1490 330 1560 Missam
344 1489 514 1572 audiant,
530 1488 691 1562 officium
704 1487 859 1596 recitpnt
871 1512 881 1578 ;
894 1489 967 1562 sire
981 1488 1019 1561 iu
1041 1485 1213 1560 civilibus

129 1584 263 1664 scilicet
280 1588 309 1660 si
324 1588 433 1661 illum
448 1586 701 1687 alloquantur,
720 1614 806 1660 curn
824 1613 866 1658 eo
883 1587 1048 1659 habitent
1067 1641 1075 1669 .
1092 1585 1214 1659 socie-

28 1719 30 1764 ;
130 1697 235 1756 tatem
247 1684 374 1758 ineant
392 1741 401 1774 ,
422 1711 507 1758 eum
523 1684 706 1770 salutent,
731 1683 893 1759 scribant
914 1689 965 1775 ei3
992 1710 1073 1779 quae
1091 1682 1216 1757 omnia

28 1779 43 1884 ἧι
128 1782 485 1879 comprehendunter
506 1782 572 1856 illo
591 1808 722 1856 versu.
743 1783 820 1875 Os,
840 1784 967 1866 Orare,
994 1783 1095 1865 Vale,
1108 1782 1215 1852 Com-

29 1887 30 1896 ’
125 1880 261 1965 munao,
292 1884 422 1954 Mensa
449 1894 601 1981 negetur.
630 1884 678 1956 Hi
704 1897 827 1956 autem
844 1882 1158 1955 communicantes
1173 1880 1214 1954 in

125 1976 236 2051 tribus
257 1978 403 2054 casibus
416 1997 573 2081 peccant
587 1981 753 2079 graviter.
787 2007 817 2056 r.
831 1982 868 2055 si
884 1983 1160 2053 communicant
1174 1977 1215 2052 in

29 2109 30 2146 2
125 2073 267 2151 divinis.
291 2106 326 2152 n.
354 2081 446 2152 siin
466 2094 721 2180 contemptum
745 2078 932 2154 Ecclesiae.
962 2079 999 2150 3.
1026 2077 1063 2150 Si
1085 2079 1124 2150 in
1139 2077 1216 2150 cri»

30 2177 31 2248 J
124 2175 286 2262 minoso,
306 2177 400 2252 idest
411 2179 441 2252 si
455 2183 732 2252 communicant
744 2181 782 2251 in
798 2177 927 2251 eodem
943 2177 1096 2251 crimine
1110 2181 1216 2275 (putu

29 2313 31 2358 3
129 2274 392 2372 concubinatu)
420 2274 468 2349 ob
495 2302 606 2376 quem
627 2277 692 2350 ille
709 2291 764 2351 est
787 2277 1148 2364 excommunicatus3
1179 2287 1217 2348 et

29 2379 31 2458 i
121 2371 161 2448 in
171 2371 240 2447 hoc
254 2379 362 2447 tertio
372 2399 459 2449 casu
468 2376 665 2447 incurrunt
678 2376 786 2448 etium
797 2374 1218 2449 excommunicationem

92 2526 98 2533 .
125 2476 323 2566 maiorem
344 2474 380 2545 in
398 2472 476 2546 aliis
493 2470 578 2545 verb
593 2472 825 2570 (regulariter
843 2469 1046 2570 loquendo)
1060 2484 1219 2586 peccaut

30 2589 31 2660 t
125 2569 267 2645 tantirm
285 2572 475 2645 venialiter
492 2625 502 2655 ‚
518 2587 555 2644 et
573 2571 734 2668 ligantur
747 2567 824 2644 soll
837 2570 1215 2669 excommunicatione

30 2699 31 2734 1
124 2669 255 2770 minori
277 2694 287 2756 ;
308 2672 417 2770 tqua
442 2667 578 2770 culpa,
607 2683 645 2744 et
667 2669 1045 2744 excommunicatione
1068 2679 1219 2741 excusat

30 2777 31 2808 ¹
121 2769 317 2841 necessitas
337 2822 346 2854 ‚
370 2766 508 2843 nntius
528 2766 612 2855 ,lex
630 2758 793 2867 coniugii
810 2825 822 2856 ,
842 2765 1044 2865 subjectio,
1062 2782 1098 2839 et
1113 2765 1242 2863 igno„

123 2865 238 2941 rantis
256 2921 266 2951 .
286 2891 371 2967 qure
387 2866 458 2940 alio'
471 2869 854 2942 verau'contiuentur:
879 2865 986 2954 Utile,
1015 2864 1097 2938 Lex
1111 2920 1121 2954 ,
1136 2863 1217 2935 Hn»

30 2989 31 2992 ¹
124 2964 219 3053 ruric,
238 2966 312 3037 Res
326 2966 507 3064 r’grrorarui,
519 2963 700 3054 Necesse,
716 2965 800 3039 Dixi
813 2964 1012 3064 regulariter
1024 2960 1217 3061 loquendo,

29 3147 31 3152 ¹
122 3085 206 3152 narn
223 3078 301 3136 estu
315 3069 363 3137 eit
380 3062 598 3164 probabile,
626 3087 900 3162 quemcumque
916 3061 1218 3137 communicatio·

48 3209 52 3220 -
122 3181 205 3235 uem
219 3160 363 3236 civilem
385 3188 469 3236 cum
485 3162 632 3236 vitando
648 3183 725 3259 esse
746 3161 892 3236 tantum
917 3160 1115 3250 venialem,
1135 3175 1233 3259 prus

123 3252 282 3333 babiliirs
299 3273 419 3333 tamen
444 3275 518 3351 ent,
538 3287 616 3336 esse
643 3262 861 3347 mortalem,
887 3260 919 3332 si
946 3261 995 3332 sit
1021 3257 1216 3429 frepuens,
1242 3273 1266 3326 f

30 3387 32 3392 ’
124 3380 207 3432 eum
225 3361 415 3461 proposito
427 3360 640 3462 frequenter
651 3386 738 3434 cnm
753 3384 797 3432 eo
815 3357 1074 3433 communicen
1104 3360 1114 3430 i

472 3508 519 3583 ΙΙ.
538 3508 596 3581 De
611 3504 870 3603 suspensione.

168 3650 363 3746 Suspensio
377 3667 434 3726 est
443 3679 592 3727 censura
605 3711 615 3745 ,
628 3651 1063 3752 padulen'cusjuncrloncs
1074 3648 1214 3749 aliquas
1225 3705 1255 3759 ⁸,
1281 3629 1287 3636 i

123 3750 378 3825 ecclesiasticas
394 3776 560 3826 exercere
575 3751 789 3850 prohibetur.
814 3750 1072 3848 Multipliciter
1089 3764 1213 3826 autem
1242 3729 1258 3775 ⁴

125 3844 300 3923 dividitur
311 3851 515 3949 suspensio.
537 3877 565 3923 r.
581 3849 664 3924 Alia
678 3865 734 3924 est
747 3855 765 3922 i
779 3855 860 3950 jure
875 3876 884 3918 ε
902 3849 973 3921 ulia
987 3846 1033 3920 nb
1050 3847 1211 3925 bomine.

128 3969 161 4017 a.
179 3947 262 4019 Alia
276 3948 392 4022 fertur
407 3947 453 4020 nd
468 3964 610 4023 certum
624 3963 773 4048 tempus
784 4006 793 4039 ,
806 3971 881 4046 quo
901 3946 1027 4045 elapso
1045 3947 1186 4044 expirat
1204 3976 1216 4020 r

126 4041 198 4115 alia
215 4045 329 4120 fertur
346 4037 540 4132 absolute,
558 4067 641 4147 quae
661 4062 784 4120 manet
798 4045 917 4119 donec
936 4064 1002 4144 per
1018 4038 1219 4121 absolutio·

122 4144 425 4236 consuleretur,
443 4147 491 4242 3,
503 4145 587 4226 Alia
603 4145 727 4225 estob-
739 4143 885 4249 officio,
901 4142 1037 4246 nempe
1052 4130 1216 4250 ordinis,
