2942 4717
274 280 320 352 86
651 288 986 388 PraxisGonfessarii.

173 489 178 495 ‚
273 395 476 487 adulterio,
491 398 735 477 antadulterii
751 430 838 478 cum
851 405 923 480 fide
941 402 1189 494 Matrimonii,
1205 422 1268 484 aut
1281 405 1356 480 Ma-

215 569 219 576 ,
274 499 442 571 taimnuii
461 505 648 590 attentati,
667 501 778 600 proiit
792 501 872 579 fuse
890 503 1118 579 declaratum
1138 518 1189 602 est
1201 505 1240 594 in
1252 497 1360 579 libro

226 653 230 664 ,
274 598 291 687 t
296 595 378 669 Lib.
400 597 426 671 6
444 623 487 671 ex
507 627 544 671 n.
568 600 658 675 1033
666 621 703 696 );
719 602 762 674 iu
781 598 838 675 bis
855 601 1017 687 casibus,
1031 608 1179 704 semper
1195 607 1236 677 te
1251 605 1361 702 impe·

201 765 204 770 s
275 692 487 769 dimentum
515 711 571 772 est
585 697 799 787 occultum,
816 701 1048 801 impetranda
1064 716 1119 777 est
1135 702 1359 800 Dispensatio

226 888 228 892 ι
275 793 348 866 dS.
366 794 654 873 Poenitentisria.
680 795 861 900 Idemque
877 802 1015 892 currit,
1042 801 1073 875 si
1096 802 1284 875 Poenitens
1301 800 1362 872 im·

274 890 536 990 pedimentum
554 895 688 970 habeat
705 903 777 972 voti
796 901 996 984 castitatis,
1019 915 1081 974 aut
1099 898 1309 996 Religionis.
1327 898 1363 974 Si

275 987 365 1063 vend
379 990 504 1092 aliqua
522 997 777 1091 urgentissima
793 996 935 1073 adesset
950 1021 1060 1073 causa
1076 997 1116 1071 in
1133 996 1259 1099 aliquo
1279 1021 1362 1070 casu

274 1112 387 1178 rato,
407 1092 542 1192 nempd
564 1091 751 1183 scandali,
771 1097 954 1188 rixarum,
981 1110 1044 1171 aut
1063 1095 1223 1175 infamiae
1243 1093 1364 1168 immi-

275 1188 424 1277 nentis,
442 1205 478 1264 et
502 1206 649 1294 tempus
676 1209 740 1267 aut
761 1193 896 1270 modus
916 1194 1057 1270 deesset
1074 1191 1297 1268 ‘recurrendi
1319 1190 1364 1266 ad

275 1284 613 1378 Poenitentiariam,
631 1306 755 1393 posset
772 1295 883 1368 etiam
898 1310 989 1370 tunc
1003 1294 1212 1396 Episcopus
1227 1292 1366 1393 dispen-

278 1408 360 1456 sare
371 1385 497 1466 (Num.
519 1417 623 1465 1122.
638 1411 650 1483 j
664 1393 752 1465 Etsi
768 1418 891 1496 neque
906 1391 1050 1467 adesset
1078 1390 1213 1466 modus
1233 1390 1368 1465 adeun·

279 1481 319 1554 di
337 1483 592 1585 Episcopum,
616 1489 795 1579 observa,
819 1492 923 1593 quod
943 1491 1084 1566 dietum
1114 1504 1170 1565 est
1203 1493 1244 1564 in
1261 1487 1374 1592 Libra¹

278 1580 392 1679 (Lib.
408 1583 442 1656 6.
453 1613 492 1657 n.
505 1587 635 1663 6132v.
653 1589 725 1663 Sed
738 1588 812 1665 htc.
830 1605 845 1684 t
860 1605 898 1664 et
909 1594 1021 1690 snpra
1035 1592 1124 1689 Cap.
1138 1591 1167 1665 l.
1178 1588 1210 1688 5
1230 1614 1262 1661 2.
1282 1614 1319 1660 n.
1333 1589 1369 1662 8.

330 1680 389 1755 85.
416 1684 453 1755 si
473 1699 595 1759 antem
614 1687 805 1763 Poenitens
827 1713 902 1790 pam
924 1683 1165 1764 contraiisset
1189 1687 1368 1764 Matrimo-

276 1776 387 1851 nium
404 1780 608 1860 invalidum
623 1786 672 1861 ob
682 1784 993 1886 impedimentum
1009 1787 1207 1876 dirimens,
1221 1798 1308 1884 tunc
1319 1840 1330 1870 a
1340 1781 1369 1856 tl

279 1874 594 1975 impedimentum
607 1889 776 1984 provenit
788 1911 832 1978 ex
847 1886 984 1987 copula
996 1886 1115 1974 licita,
1128 1887 1240 1964 etiam
1253 1879 1368 1955 obser·

280 1976 424 2066 naudus
442 1996 498 2053 est
513 1982 627 2057 Liber
645 1985 780 2077 (Num.
806 1987 928 2080 1124)
951 2011 961 2073 3
986 1986 1017 2057 si
1037 1998 1162 2060 autem
1181 2007 1225 2057 ex
1243 1978 1370 2078 copula

279 2072 413 2152 illicita
428 2135 438 2164 ,
454 2095 518 2152 aut
532 2106 576 2155 ex
593 2081 750 2157 crimine
763 2140 774 2173 ,
788 2100 826 2161 et
837 2078 1028 2160 Poenitens
1040 2095 1094 2158 est
1106 2084 1146 2157 in
1166 2076 1372 2172 bonafide,

281 2178 1370 2280 etcontnaadessetpericulnmmortis,scandaliantincon·

281 2271 459 2366 tinentiae,
473 2277 503 2351 si
515 2279 586 2378 ipsi
597 2277 889 2355 manifestaretur
902 2280 1227 2383 impedimentum,
1236 2301 1279 2349 εο
1291 2279 1372 2347 casu

281 2369 538 2452 confessarius
549 2378 900 2478 impedimentumei
912 2378 1100 2455 occultare
1110 2377 1233 2466 debet,
1244 2373 1372 2448 etinte-

280 2471 357 2544 rim
371 2497 570 2572 procurare
585 2482 604 2550 l
617 2478 654 2553 S.
666 2478 946 2554 Poenitentiaria
959 2479 1295 2580 Dispensationem,
1306 2468 1373 2569 qul

283 2566 436 2646 obtenta
452 2626 462 2657 ,
479 2574 589 2663 debet
613 2576 819 2677 patefacere
841 2576 1172 2679 impedimentum,
1197 2569 1373 2668 debetque
1445 2597 1446 2660 ξ

282 2669 1375 2778 tunediligenteraecumeonsnleredemodp,qnoreconva·
1445 2675 1446 2754 ξ

159 2805 161 2809 »
282 2762 1374 2850 lidatioMatrimoniiiaeiendaestlldhancautemreeonva·
1445 2803 1446 2846 3

283 2860 503 2944 lidationem
522 2899 599 2946 non
616 2873 768 2974 quidem
785 2887 841 2947 est
858 2873 1064 2948 necessaria
1088 2868 1296 2948 assistentia
1308 2864 1374 2938 Pa-

282 2964 391 3036 roehi
409 2984 445 3041 et
460 2970 609 3044 testium
625 3027 635 3062 ,
651 2985 692 3044 ut
707 2970 906 3074 probatum
921 2986 977 3048 est
989 2971 1123 3067 (Num.
1143 2993 1249 3048 1110.
1262 2973 1277 3059 )
1291 2989 1301 3050 t
1313 2956 1375 3072 ³⁸51

284 3059 330 3134 iat
348 3063 509 3141 diximus
523 3067 637 3161 (Lib.
656 3070 694 3146 6.
713 3098 753 3144 n.
779 3073 886 3146 1115.
902 3070 940 3169 ),
953 3085 1101 3146 tenetur
1120 3096 1205 3173 pars
1218 3075 1221 3078 ’
1233 3082 1374 3175 consata

284 3158 546 3262 impedimenti
564 3167 716 3241 alteram
734 3170 931 3243 certiorare
944 3169 990 3243 de
1007 3168 1178 3244 nullitate
1193 3168 1375 3264 Matrimo·

285 3260 356 3344 nii,
380 3267 520 3361 juxtam
536 3264 689 3342 'solitam
709 3265 924 3342 Clausulam
948 3270 983 3343 S.
1003 3262 1290 3345 Poenitentiariae
1305 3282 1315 3331 t
1333 3250 1378 3324 U!

285 3357 381 3435 dieta
402 3360 546 3438 muliere
561 3366 608 3440 de
629 3365 788 3439 nullitate
798 3368 929 3465 pneris
954 3373 1154 3441 consensus
1174 3349 1375 3439 emtarum,

286 3470 356 3532 etc.
373 3460 424 3536 Et
438 3460 524 3536 ided
542 3488 608 3562 per
632 3490 672 3538 se
689 3461 878 3568 loquendo
895 3464 942 3539 a'd
960 3465 1056 3538 hanc
1071 3460 1278 3539 clausulam
1294 3474 1376 3527 exe·

287 3560 500 3657 quendum,
517 3586 594 3637 non
609 3562 747 3640 suffieit
757 3559 811 3652 id,
824 3563 927 3665 quod
938 3564 1051 3667 aliqui
1067 3564 1145 3638 DD.
1160 3559 1378 3693 admittunt5

286 3656 429 3734 scilieet
453 3659 577 3735 dicere
593 3690 603 3733 ε
621 3660 665 3735 Si
685 3687 745 3736 me
763 3688 836 3734 non
863 3663 1059 3752 duxisses,
1090 3661 1236 3737 duceres
1263 3667 1373 3723 nunc.

288 3756 365 3832 Aut
381 3785 390 3830 ι
413 3756 482 3831 Dic
499 3758 606 3848 mihi,
617 3777 653 3835 te
670 3762 757 3834 vato.
773 3760 875 3836 Ant:
894 3762 967 3834 Pro
983 3788 1063 3833 mea
1077 3753 1317 3835 consolatidne
1332 3766 1379 3813 re·

289 3879 462 3929 novemus
476 3882 703 3933 consensum.
718 3860 802 3934 Sem
831 3885 873 3933 es
890 3862 991 3936 enim
1010 3859 1093 3933 talis
1108 3872 1308 3934 consensus
1328 3848 1379 3912 est

291 3952 507 4052 dependens
522 3960 543 4030 a
562 3958 700 4059 priori,
713 3959 781 4057 qni
797 3887 867 4032 litt
879 3957 1022 4033 nullus.
1036 3958 1113 4032 Nec
1126 3949 1380 4066 sufficjtl'copu·

290 4050 328 4124 la
344 4105 354 4137 ,
372 4050 415 4125 iat
432 4052 668 4146 alii'diennt,
687 4061 797 4130 etiem
808 4053 947 4133 affeetu
967 4056 1126 4133 maritali
1151 4051 1290 4129 habita.
1307 4039 1379 4145 Τίς

289 4148 560 4236 muntiant
575 4152 717 4235 dicere:
730 4134 1384 4263 Nosmmcoajugtammalidamltt
