2942 4717
388 295 501 386 ΜΨ.
518 291 611 366 Circi
627 289 929 366 ludicisOfficiom.
1162 296 1208 370 35

31 437 32 496 j
134 409 278 497 terialis,
297 410 435 509 nempe
451 408 531 483 siue
549 434 661 508 pravo
677 409 800 482 animo
817 409 968 508 prolata.
987 410 1039 485 Et
1053 410 1208 513 quidem

137 512 170 584 iu
182 510 311 584 virente
332 508 431 584 certe
453 507 597 607 Corpus
609 522 673 593 ‚et
688 510 820 581 Anima
837 507 946 581 simul
967 513 1139 585 existunt.
1156 513 1208 585 Er

137 635 232 707 qnare
258 621 411 684 nonest
435 606 627 679 mortale?
656 609 743 706 qnia
776 609 841 706 qui
858 608 1046 683 maledicit
1063 610 1208 685 homini

31 731 32 738 ’
133 708 249 782 urenti
271 733 348 779 non
372 731 516 806 semper
537 705 692 805 proximi
715 707 857 778 Animae
872 705 1033 780 intendit
1050 708 1209 783 maledi-

136 832 220 890 cere,
244 820 280 877 et
308 804 570 896 contumeliam
592 803 727 876 inferre
744 802 959 877 substantiae
973 804 1055 894 illi,
1073 809 1113 881 in
1132 833 1208 908 qua

31 921 32 934 ¹
139 902 320 1003 specialiter
331 904 454 1002 Imago
467 902 534 976 Dei
548 902 740 1001 splendet,
751 901 817 975 sed
831 903 1042 1002 praescindit
1054 905 1100 977 ab
1115 907 1208 980 Ani-

140 1028 182 1074 ma
196 1001 440 1101 respicienda,
457 1017 494 1075 et
508 1004 555 1074 iu
572 1028 717 1098 gravem
734 1027 808 1073 nou
824 1004 1023 1076 committit
1039 1003 1207 1095 culpam.

135 1101 381 1192 QuiCreatoris
399 1098 713 1174 irrationabilibus
730 1098 917 1173 maledicit
935 1101 1092 1193 (docent
1105 1100 1208 1178 idem

130 1197 167 1273 D.
184 1200 346 1273 Thomas
368 1202 440 1275 loc.
459 1200 522 1271 cit.
539 1214 607 1273 art.
623 1225 665 1285 2,
683 1213 720 1271 et
737 1200 891 1295 omnes)
907 1201 937 1272 si
952 1223 1012 1273 eas
1027 1203 1177 1302 respicit
1195 1257 1209 1295 ,

127 1298 159 1368 in
176 1296 358 1397 quantiam
382 1313 469 1370 sunt
497 1299 682 1371 Creaturae
705 1296 795 1383 Dei,
822 1296 1027 1372 mortaliter
1051 1317 1211 1399 peccate

126 1419 314 1496 veramque
330 1412 449 1495 patrat
463 1395 754 1497 blasphemiam
769 1422 845 1469 non
864 1396 952 1469 verb
966 1401 1038 1496 jam
1056 1400 1086 1472 si
1112 1424 1209 1500 prae·
1263 1465 1265 1470 .

31 1565 32 1570 ,
125 1495 252 1567 scindit
266 1494 313 1565 ab
325 1496 376 1566 eis
392 1494 667 1590 considerandis
680 1493 721 1567 ist
733 1495 842 1585 tales,
860 1510 897 1568 ct
912 1495 1057 1570 tantiam
1068 1498 1119 1572 eis
1136 1524 1211 1572 ma·

31 1661 32 1664 ,
122 1591 243 1665 ledicit
270 1593 478 1667 secundum
507 1620 545 1668 se
569 1594 830 1683 consideratis,
849 1609 886 1666 et
903 1593 1057 1693 quidem
1076 1622 1209 1670 omues

120 1692 203 1790 ipsae
233 1707 322 1765 sunt
347 1692 530 1768 Creatnrae
549 1692 629 1767 Dei.
655 1695 714 1766 En
730 1691 834 1791 quod
849 1692 895 1766 D.
916 1692 1078 1766 Thomas
1094 1696 1208 1771 etiam

31 1795 32 1806 ’
120 1791 372 1887 praecisionem
400 1792 496 1867 banc
518 1792 697 1865 admittat.
716 1790 770 1864 Ita
800 1792 955 1890 pariter.
972 1792 1037 1891 qui
1053 1793 1209 1865 Mortuis

116 1889 321 1974 maledicit,
335 1892 365 1962 si
378 1890 631 1976 maledicit,in
643 1889 827 1990 quantiam
837 1888 885 1962 ad
898 1890 1047 1963 Animas
1062 1893 1220 1980 eorum,¹

31 2059 33 2094 ,
116 1991 268 2086 graviter
284 2004 438 2086 peccat3
467 2016 541 2063 non
562 2005 685 2063 autem
708 1990 739 2061 si
754 1987 984 2088 praescindit,
1003 2003 1040 2063 et
1051 1990 1208 2065 Mortuis

31 2099 32 2180 ᾖ
115 2086 329 2173 maledicit,
380 2090 443 2161 uin
470 2087 679 2188 specialiter
702 2089 856 2162 Animas
876 2089 1057 2187 respiciat.
1075 2090 1209 2164 Dicere

31 2183 33 2282 ζ
115 2201 258 2275 autem,
280 2113 381 2285 quod
397 2212 545 2274 omnes,
562 2187 625 2286 qui
645 2186 875 2259 maledicunt
894 2187 1060 2272 Morbos,
1076 2214 1208 2263 omnes

31 2307 33 2320 ³
116 2287 188 2384 jam
215 2283 412 2358 intendant
441 2287 550 2358 etiam
574 2309 705 2358 eorum
734 2283 938 2358 Animabus
959 2283 1208 2378 maledicere,

115 2410 178 2483 cgo
205 2398 243 2456 et
263 2398 318 2455 tot
344 2384 405 2456 aiii
422 2382 665 2468 Confessarii,
683 2385 904 2483 poenitentes
920 2382 1181 2480 interrogando
1195 2438 1210 2469 .

114 2483 327 2581 oppositum
348 2484 609 2582 comperimus.
629 2480 749 2555 Tautb
762 2484 894 2579 magis,
909 2480 1007 2579 quod
1021 2481 1210 2557 ordinarit

112 2580 190 2668 isti,
203 2582 271 2681 qui
291 2583 442 2655 Mortuis
462 2581 713 2666 maledicunt,
727 2604 802 2651 non
823 2585 898 2677 jam
914 2605 975 2651 eos
992 2579 1127 2651 laedere
1145 2580 1211 2653 iu-

113 2680 293 2764 tendant,
312 2678 378 2752 sed
399 2681 519 2768 viros,
540 2680 676 2781 quibus
692 2676 740 2751 ad
761 2679 876 2750 instar
895 2678 1211 2753 contumeliarum

111 2775 327 2876 hujusmodi
351 2779 628 2853 maledictiones
643 2778 820 2877 dirigunt.
836 2775 1102 2849 Verumtamen
1127 2774 1209 2851 haec

113 2893 167 2951 est
188 2880 340 2951 materia
355 2878 465 2967 lacti,
484 2881 641 2979 quisque
658 2875 913 2952 Confessarios
931 2875 968 2947 in
984 2874 1076 2965 hoc,
1090 2877 1210 2976 poeni·

31 3027 33 3079 ,
113 2990 253 3050 tentem
280 2974 476 3076 diligenter
499 2974 790 3076 interrogando,
817 2974 951 3077 poterit
977 2999 1016 3050 se
1044 2978 1065 3048 a
1089 2974 1209 3052 dubio

31 3107 33 3144 J
112 3101 282 3150 eximere.

161 3176 295 3248 Dicere
319 3188 441 3247 antem
466 3174 568 3272 quod
592 3231 603 3266 ,
629 3174 717 3250 licet
748 3173 832 3275 quis
862 3170 950 3247 solis
974 3171 1210 3250 Mortuorum

114 3274 334 3371 corporibus
363 3274 585 3349 maledicere
610 3274 797 3361 intendat,
826 3297 894 3345 nec
921 3273 1071 3345 etiami
1096 3270 1210 3370 culpa

113 3374 209 3469 gravi
235 3375 400 3445 excusari
422 3377 558 3470 possit,
582 3389 731 3470 propter
752 3383 984 3471 respectum,
1003 3396 1116 3471 quem
1138 3373 1212 3444 Ec·

116 3469 225 3543 clesia
255 3459 366 3544 habet
392 3474 601 3573 Corporum
628 3473 862 3548 Mortuorum
888 3525 898 3559 ,
929 3472 981 3541 eis
1011 3477 1211 3548 incensum

114 3569 341 3669 praebendo,
362 3571 456 3667 aqui
483 3569 626 3643 lustrali
644 3599 680 3643 as
710 3566 891 3667 ergendo,
913 3581 1050 3641 etcum
1074 3593 1212 3666 pompa

114 3667 330 3765 sepeliendo
343 3696 352 3737 ε
365 3668 497 3744 Nescio
512 3726 521 3756 ,
539 3597 729 3769 quomodo
749 3669 831 3768 quis
846 3666 894 3739 ob
916 3665 1010 3738 hanc
1026 3665 1210 3739 rationem

113 3765 153 3838 id
174 3766 326 3839 sundere
351 3769 421 3841 sibi
454 3772 581 3868 possit.
609 3767 705 3850 Nolo
743 3767 831 3841 huic
857 3765 1057 3839 immorari.
1079 3761 1211 3837 Paucis

116 3891 175 3939 me
201 3866 419 3966 expediam,
439 3883 475 3941 et
499 3867 609 3951 dico,
638 3865 743 3966 quod
773 3864 960 3964 praedictae
997 3862 1209 3935 functiones

113 3990 189 4038 nou
207 3966 281 4038 sint
296 3965 450 4066 quidem
467 3965 713 4039 exhibitiones·
727 3964 883 4059 alicuius
900 3958 1022 4035 cultius
1040 3960 1214 4058 Religiosi

115 4067 199 4161 erga
217 4064 380 4162 Corpora
397 4066 631 4139 Mortuorum
648 4123 656 4147 ‚
674 4063 739 4137 sed
758 4061 902 4135 tantum
916 4056 1085 4159 quaedam
1104 4085 1212 4135 caere·

114 4164 271 4258 moniae,
298 4190 389 4266 quas
406 4163 577 4241 Ecclesia
590 4165 700 4241 etiam
715 4167 801 4263 erga
813 4161 974 4240 virentes
990 4157 1158 4247 adhibet,
1172 4157 1216 4234 Sl
