2942 4717
254 269 564 363 capiuvnsvn.
575 269 750 358 Quomodo
761 290 834 337 cum
842 268 1156 348 luiest.tDaemone.
1201 288 1266 357 109

168 378 242 454 'des
257 385 310 455 ad
321 384 438 454 Deum
446 407 585 479 preces.
600 379 687 455 tob.
710 382 766 455 16.
787 382 842 455 18.
859 381 1029 482 Explicat
1047 379 1263 458 Malvcnda:

172 479 294 579 Quasi
315 481 410 552 dicut
427 535 437 568 ,
455 478 532 554 hcc
561 495 730 553 venerunt
748 478 839 550 mihi
845 483 1115 578 preterendum
1132 506 1266 558 meam.

171 571 223 652 Et
246 578 466 654 Menochius
484 607 494 651 z
510 559 598 650 Cuin
617 603 745 649 munus
760 577 933 674 supplices
948 581 1000 650 od
1014 579 1128 651 Deum
1143 580 1265 651 eleva·

169 701 246 750 rem
262 732 274 768 ,
291 703 389 775 quus.
398 701 510 777 neque
530 675 676 769 rupini,
693 701 806 774 neque
820 675 890 748 alio
904 677 1033 749 scelere
1046 678 1265 749 contamino·

168 799 305 849 seram.
326 777 485 874 Repeto,
507 774 597 871 quid
615 771 663 847 ad
676 773 758 847 haec
778 776 936 874 pertinet
950 773 1127 874 pollutio,
1143 775 1265 849 strio·

172 870 289 945 lentia
311 871 489 946 demonis
504 871 520 944 i
536 898 584 946 en
609 878 720 986 quim
734 872 833 946 tatsae
846 887 969 947 esseut
990 873 1073 948 due
1086 875 1265 973 Proposi-

177 970 294 1044 tioues
311 972 436 1045 relatae
454 973 464 1044 Ξ
862 999 878 1066 j

225 1069 300 1143 sed
313 1069 439 1169 quoad
457 1069 721 1171 propositiones
738 1069 825 1143 istas
840 1069 1031 1168 responsio
1047 1071 1161 1171 magis
1179 1073 1265 1171 pro*-

176 1168 277 1267 pria,
291 1185 329 1241 et
341 1170 563 1243 convincem
580 1168 657 1243 haec
673 1183 739 1242 est.
753 1168 1025 1267 Propositiones
1041 1168 1263 1271 proscriptas

113 1271 116 1272 *
172 1290 289 1341 uerno
305 1270 466 1366 ignorat,
484 1266 743 1366 intelligendas
761 1292 839 1340 esse
859 1272 958 1365 juxti
977 1293 1128 1342 sensum
1144 1283 1265 1342 aucto·

171 1364 239 1453 ris,
255 1366 322 1467 qui
333 1392 392 1440 eas
410 1365 574 1463 protulit.
589 1364 769 1459 Quoednn
781 1364 975 1459 Quesnelli
991 1369 1264 1468 Propositioues

172 1463 349 1539 ridentur
361 1467 483 1567 primo
496 1465 632 1539 intuitu
645 1488 762 1565 teque
779 1479 975 1560 et‚sanctte,
987 1478 1147 1540 attamen
1161 1469 1265 1567 juxti

169 1560 278 1637 iliius
296 1590 447 1638 sensum
467 1577 555 1640 suut
570 1587 764 1665 perrersae.
786 1565 855 1636 Ex.
880 1589 933 1663 gr.
950 1589 1100 1663 propos.
1120 1564 1188 1654 30,
1209 1555 1277 1641 sic‘

170 1659 294 1738 dicit:
321 1662 478 1749 Omnes,
498 1673 587 1776 quos
610 1662 711 1734 Deus
740 1660 809 1733 vult
825 1662 960 1734 salvare
982 1687 1050 1756 per
1071 1662 1264 1752 Christum,

168 1761 355 1835 salvuntur
367 1758 599 1854 nfiztttttter.
615 1761 705 1834 Haec
719 1762 923 1860 propositio
936 1760 975 1834 in
986 1783 1096 1835 sensu
1112 1774 1210 1835 recto
1226 1775 1264 1836 et

170 1858 530 1935 catholicotenetur
547 1857 593 1932 ab
610 1858 808 1946 omnibus,
838 1860 902 1960 qui
930 1872 1166 1960 propugnant
1196 1885 1263 1960 pra

171 1960 291 2056 gratia
308 1957 447 2032 efficaci
465 1956 511 2034 ab
527 1958 749 2047 intrinseco;
765 1955 830 2032 sed
848 1956 1017 2031 damnata
1030 1972 1086 2031 est
1098 1958 1136 2031 in
1152 1981 1265 2038 sensu

125 2080 131 2090 ’
170 2056 394 2152 Quesuelli,
417 2054 552 2155 nempe
578 2057 678 2158 qnod
698 2058 797 2131 Deus
821 2056 910 2130 velit
933 2056 1078 2131 tantum
1100 2054 1260 2132 salutem

173 2153 534 2258 predestinatorum.
560 2157 609 2229 Et
633 2158 687 2230 sic
703 2153 925 2245 dicendum,
946 2155 1136 2230 damnatas
1150 2154 1262 2229 etiim

172 2279 257 2330 esse
270 2254 536 2355 propositiones
550 2254 683 2328 relatas
695 2257 743 2347 44
761 2269 797 2329 et
809 2257 868 2354 49.
884 2253 1073 2329 Michaelis
1085 2251 1259 2328 Moliuos.

170 2354 297 2448 Hujus
313 2353 419 2453 impii
432 2368 587 2452 systema
602 2353 673 2428 hoc
691 2370 787 2442 erat,
806 2350 930 2453 quod,
947 2377 1033 2425 cum
1046 2367 1202 2452 persona
1221 2352 1265 2425 ii·

25 2450 27 2461 ’
63 2469 68 2472 ’
173 2450 358 2526 bertateru
376 2478 479 2525 snam
493 2451 569 2524 Deo
586 2452 761 2539 donaret,
778 2477 853 2525 non
871 2450 1021 2524 deberet
1033 2450 1193 2549 ampliiss
1208 2475 1265 2523 re·

171 2555 305 2626 sistere
320 2550 426 2624 malis
444 2549 775 2639 commotionibus,
795 2575 864 2624 nec
888 2548 1009 2622 ullum
1024 2573 1193 2623 exercere
1208 2569 1264 2622 co·

174 2665 307 2726 natum
324 2646 372 2721 ad
388 2664 489 2723 actus
502 2648 620 2721 malos
632 2649 910 2749 impediendos,
929 2643 1102 2747 quoniam
1120 2645 1175 2720 illi
1190 2652 1265 2721 im-

173 2746 335 2851 putandi
350 2762 438 2821 sunt
449 2806 459 2835 ,
471 2772 547 2820 non
566 2752 638 2845 jam
656 2748 816 2848 proprioe
834 2746 1035 2833 voluntati,
1052 2746 1118 2820 sed
1133 2745 1266 2820 violen-

177 2849 243 2921 tiae
260 2846 454 2936 demonis,
473 2859 537 2919 aut
553 2846 733 2920 sensualis
756 2847 944 2948 passionis.
972 2849 1030 2919 Eu
1062 2849 1264 2945 propositio

175 2952 260 3040 ejus
270 2944 657 3045 fundamentalis(quae
667 2960 722 3018 est
734 2972 772 3018 n.
793 2948 861 3045 17),
874 2941 1062 3045 quomodd
1076 2943 1264 3045 loquiturt

179 3044 324 3117 Tradite
332 3043 411 3116 Deo
427 3042 535 3115 libero
549 3045 711 3133 orbtirrir,
728 3060 765 3118 et
773 3043 886 3135 eidem
896 3044 1015 3116 relicta
1032 3045 1115 3115 cord
1132 3060 1266 3140 πως·

170 3142 313 3217 -nt'tt'one
329 3141 456 3215 anime
475 3157 622 3233 nostre,
645 3143 717 3215 non
744 3158 801 3216 est
818 3142 969 3241 ampitiis
992 3138 1156 3214 habenda
1173 3139 1264 3214 ratri)

172 3239 430 3325 tentationum,
445 3265 511 3312 nec
528 3240 582 3314 eis
596 3242 668 3313 altis
681 3240 877 3315 resistentia
883 3239 968 3338 fieri
977 3238 1099 3327 debet,
1115 3237 1190 3311 nisi
1199 3265 1266 3312 ne·

172 3339 315 3441 getica,
334 3338 429 3411 nulld
444 3336 602 3411 adhibiti!
616 3339 796 3413 rirdustn'd.
813 3338 865 3410 Et
877 3337 915 3412 εἰ
925 3354 1050 3411 nutura
1065 3351 1267 3411 commore-

176 3456 259 3523 tur,
278 3450 412 3535 oportet
424 3435 560 3523 stirsre,
585 3449 625 3510 ut
647 3451 923 3523 commoventur,
949 3437 1030 3533 queis
1051 3450 1105 3507 est
1127 3451 1267 3511 notum.

179 3535 297 3612 Adest
314 3535 385 3609 alia
404 3540 482 3631 ejus
503 3537 706 3635 propositio
720 3539 776 3619 (ti.
796 3537 877 3635 47),
896 3559 978 3636 quae
1002 3534 1113 3631 magis
1128 3534 1268 3606 indivi-

123 3701 128 3707 .
171 3635 343 3709 dualiter
372 3632 420 3707 ad
438 3660 562 3707 casum
589 3647 758 3709 nostrum
784 3635 964 3732 pertinet,
983 3650 1018 3707 et
1044 3632 1157 3705 dicit:
1178 3632 1267 3703 Cum

178 3732 386 3830 hujusmodi
399 3732 565 3807 orolennir
579 3747 780 3818 occurrunt,
793 3733 909 3806 sinere
921 3746 1071 3830 oportet,
1086 3747 1125 3802 ut
1138 3728 1268 3801 Satha-

178 3857 252 3908 nus
277 3848 453 3921 operetur,
474 3833 603 3905 nuttam
619 3827 819 3905 adhibendo
843 3828 1049 3904 industrium
1070 3828 1268 3927 nullumque

171 3930 355 4032 proprium
366 3944 584 4005 conatum...
592 3971 603 4019 ,
621 3926 1181 4029 etr'dmsilsequunturpollutr'ones
1199 3941 1269 4016 etct

170 4029 367 4106 notentur
382 4026 490 4102 verba
502 4084 511 4111 ,
523 4025 635 4101 siam
644 4045 781 4125 oportet
786 4027 940 4114 enodem
956 4022 1193 4098 adhibendum
1208 4052 1270 4100 co·

176 4143 304 4204 natum
313 4184 328 4233 ι
342 4143 409 4205 etc.
428 4125 500 4203 Sed
516 4128 704 4229 quomodo
714 4141 837 4231 potest
850 4151 930 4204 esso
941 4126 1021 4203 sius
1038 4124 1151 4228 culpe
1164 4128 1271 4202 omit*
