2942 4717
189 269 191 284 ,
262 185 313 272 ἦθ’
542 228 544 232 -
645 183 754 251 Praxis
768 179 962 253 Confessarii
978 190 997 228 -’
1109 236 1112 240 ,

262 281 584 393 fossariusquantb
607 297 718 391 magis
739 295 897 392 rigorem
912 317 998 366 cum
1019 286 1218 390 poenitente
1233 290 1339 367 adbi-

162 438 166 443 =
261 394 389 484 bebit,
409 392 510 465 tantb
523 394 636 489 magis
644 402 724 492 'etus
742 394 849 465 saluti
863 389 1347 490 sitiprofuturesratcontra,
1443 421 1444 426 ¹

262 487 366 568 tanto
379 495 490 590 magis
505 518 589 565 cum
602 490 667 587 illo
677 492 848 588 immanis
863 548 872 575 ,
888 486 1026 591 quantb
1039 490 1152 587 magis
1165 488 1343 586 benignus
1443 487 1444 490 '

255 593 333 666 ³'erit
351 594 390 663 in
409 590 654 692 permittendo
670 647 678 679 ,
695 607 739 664 ut
754 590 824 661 itte
835 590 873 662 in
894 588 1085 662 occasione
1098 602 1262 674 maneat,
1284 602 1344 661 aut

260 714 303 764 ‘se
321 691 359 759 in
376 715 457 760 eam
481 687 665 762 immittat.
684 690 719 762 S.
742 688 900 760 Thomas
918 688 964 759 de
983 684 1175 759 Villanova
1193 685 1345 760 Coniec-

201 856 202 860 ,
257 788 376 861 serios
400 788 438 859 in
460 786 531 859 boc
552 785 888 862 condescendentes
909 798 1012 860 vocat
1034 784 1137 877 rmpz’d
1148 785 1239 877 pios.
1259 784 1345 856 Haec

252 886 424 966 ebaritas
445 899 653 972 estcontra
672 885 898 970 charitatem.
920 883 1107 958 Solentin
1130 879 1185 954 bis
1207 880 1353 954 casibus

265 984 487 1090 poenitentes
500 983 644 1068 conari,
658 999 699 1055 ut
708 981 924 1055 Confessarii
934 979 1236 1080 apprehendant,
1250 976 1349 1078 quod

262 1082 505 1172 occasionem
516 1081 738 1154 removendo
756 1106 931 1177 magnum
948 1081 1129 1152 oriturum
1144 1080 1192 1150 sit
1203 1078 1350 1151 scanda-

265 1180 359 1252 lum.
378 1179 507 1252 ¹Fortis
537 1181 583 1253 sit
610 1179 862 1254 Confessarius
892 1178 939 1249 ad
963 1173 1180 1276 hujusmodi
1205 1177 1353 1247 timores

264 1274 526 1375 despiciendos
552 1300 560 1349 ε
589 1283 707 1377 majus
724 1302 869 1377 semper
881 1279 953 1363 ,erit
969 1274 1209 1364 scandatum,
1233 1273 1351 1346 videre

268 1376 369 1475 quod
384 1378 573 1449 Poenitens
587 1401 655 1448 nec
676 1377 785 1449 etiam
803 1386 885 1475 post
902 1374 1180 1449 Confessionem
1194 1372 1351 1458 occasio·

254 1500 352 1558 ›nem
366 1474 518 1546 auferat.
531 1472 682 1550 Aurelii
700 1481 779 1569 ejus
799 1486 990 1570 peccatum
1007 1471 1176 1571 ignorant
1188 1526 1198 1560 ,
1212 1484 1250 1544 et
1265 1483 1351 1543 tunc

268 1571 364 1646 nibil
384 1571 471 1644 mali
484 1572 790 1669 suspicabuntur:
809 1573 884 1645 Aut
902 1571 1047 1657 sciunt,
1063 1586 1099 1643 et
1117 1585 1206 1642 tunc
1229 1568 1353 1642 Poeni·
1443 1593 1444 1598 ¹

269 1684 350 1743 tens
366 1671 497 1743 famant
521 1668 642 1770 potibs
652 1670 908 1770 recuperabit,
925 1674 1036 1771 quim
1050 1669 1191 1762 amittet
1206 1723 1217 1759 ,
1230 1692 1355 1741 ‘remo-

268 1769 389 1845 ren‘do
407 1770 647 1844 occa‘sionem.
690 1819 707 1828 -·
923 1799 939 1836 x
987 1837 990 1844 ,
1259 1831 1264 1840 .

320 1867 379 1941 66.
404 1867 533 1941 Plures
552 1867 631 1942 ΠΙ),
653 1881 830 1952 censent,
852 1866 995 1968 prima,
1015 1880 1078 1939 aut
1095 1862 1262 1939 secunda
1280 1863 1359 1936 tice-

268 1965 410 2040 absolvi
426 1991 550 2065 posse,
569 1963 633 2064 qui
648 1979 702 2038 est
720 1966 760 2037 in
779 1967 970 2039 occasione
986 1965 1174 2065 proxima,
1196 1963 1285 2038 licet
1300 1986 1357 2034 ro·

270 2064 458 2156 lactaria,
485 2064 594 2136 etiam
617 2067 817 2161 antequam
841 2066 984 2138 occasio
1009 2064 1222 2147 auferatur3
1249 2058 1357 2134 modd

271 2164 422 2236 firmum
438 2160 572 2235 babeat
587 2162 838 2259 propositum,
853 2176 889 2235 et
902 2164 1102 2262 promittat,
1120 2186 1158 2233 se
1170 2160 1275 2234 iilam
1290 2173 1358 2231 sta·

272 2263 341 2336 tim
365 2276 606 2342 remotorum.
633 2259 704 2333 Sed
727 2259 789 2332 hic
811 2275 955 2360 oportet
976 2259 1199 2357 distinguere
1217 2283 1304 2331 cum
1321 2257 1355 2329 S.

274 2358 408 2433 Caroio
424 2361 633 2432 Borromaeo
653 2361 716 2454 (in
734 2360 980 2433 instructione
1000 2357 1238 2433 Confessariis
1254 2355 1300 2428 ab
1317 2379 1357 2426 eo

270 2456 430 2554 tradita)
450 2458 677 2546 occasiones,
695 2482 778 2551 quae
798 2474 880 2530 sunt
901 2459 937 2530 in
960 2482 1065 2543 erse,
1091 2470 1128 2528 et
1153 2456 1360 2528 occasiones

275 2581 360 2655 quae
376 2581 447 2627 non
457 2555 584 2629 suntin
596 2580 688 2638 esse.
699 2555 867 2641 Occasio,
885 2570 1036 2656 quaecst
1047 2554 1083 2625 in
1096 2580 1188 2640 esse,
1200 2567 1316 2626 estex.
1328 2577 1359 2649 g.

275 2678 363 2727 cum
382 2652 515 2752 aliquis
531 2653 776 2726 concubinam
797 2652 899 2726 domi
925 2654 1085 2739 detinet,
1106 2651 1162 2724 rel
1184 2678 1272 2727 com
1299 2649 1362 2723 ali·

277 2778 350 2850 qua
370 2750 506 2823 famula
524 2752 725 2842 consentit,
746 2755 889 2851 quoties
910 2764 1070 2825 tentatur
1087 2755 1105 2823 a
1122 2745 1312 2834 Domino,
1328 2759 1363 2819 et
1443 2805 1444 2808 ,

173 2927 177 2936 ,
278 2848 427 2936 similia.
443 2848 596 2922 Occasio
611 2862 753 2935 autem,
772 2875 935 2948 quaenon
947 2865 1004 2920 est
1014 2848 1049 2919 in
1063 2873 1159 2938 erse,
1173 2862 1229 2921 est
1241 2874 1298 2921 ex.
1310 2872 1361 2944 gr.

278 2971 367 3028 cam
385 2944 627 3044 quisinlodo
646 2950 853 3046 prorumpit
873 2949 911 3019 in
927 2946 1177 3046 blaphemias,
1198 2960 1263 3019 aut
1281 2969 1363 3018 ver·

279 3044 395 3121 cando
413 3046 452 3119 in
478 3070 650 3138 ‘caupona
668 3044 873 3144 prolabitur
894 3046 933 3118 in
953 3047 1069 3133 rixas,
1089 3060 1126 3117 et
1147 3045 1361 3131 ebrietates,

280 3157 345 3218 aut
363 3141 573 3217 accedendo
588 3143 635 3216 ad
653 3144 814 3218 convivia
831 3144 961 3226 incidit
972 3145 1011 3214 in
1028 3141 1158 3228 verba,
1174 3156 1211 3216 et
1225 3143 1363 3239 cogita·

235 3273 238 3281 ’
280 3243 396 3315 tiones
412 3256 550 3341 turpes.
575 3243 641 3317 His
663 3243 813 3341 positis,
833 3227 1052 3327 dicendum,
1070 3239 1173 3337 quod
1193 3244 1233 3326 in
1257 3265 1367 3316 occa·

282 3338 468 3423 sionibus,
489 3366 570 3439 quae
589 3366 660 3412 non
674 3354 757 3412 sunt
771 3340 807 3411 in
828 3365 928 3426 esre,
946 3337 1042 3411 recte
1058 3338 1187 3418 doceat
1204 3339 1242 3411 S.
1259 3339 1367 3412 Caro·

280 3435 354 3526 lus,
376 3436 477 3536 quod
494 3438 691 3512 Poenitenti
713 3437 815 3512 firmi
835 3438 1060 3535 promittenti
1077 3436 1178 3526 fore,
1196 3451 1237 3516 ut
1253 3434 1300 3516 ab
1317 3436 1367 3506 eis
1443 3437 1444 3518 ξ

282 3535 484 3626 abstineat,
503 3539 619 3635 possit
642 3534 778 3617 semel,
801 3534 880 3621 bis,
896 3551 938 3608 -ct
966 3535 1073 3612 etiam
1098 3548 1155 3607 ter
1172 3532 1366 3612 absolutio

282 3635 363 3707 dari
377 3657 388 3723 ;
404 3631 528 3731 quod,
549 3635 580 3705 si
605 3633 737 3707 deinde
754 3633 816 3706 tlte
832 3634 1061 3708 occasionem
1081 3638 1156 3706 non
1174 3633 1314 3717 aufert,
1332 3642 1368 3703 et
1443 3669 1444 3676 κ

282 3733 415 3810 codem
439 3731 551 3805 modo
571 3744 725 3831 peccat,
750 3758 825 3805 non
848 3732 962 3831 possit
986 3730 1142 3817 absolvi,
1169 3733 1241 3805 nisi
1266 3726 1368 3830 pribs

285 3832 515 3926 occasionem
539 3844 730 3904 removeat.
755 3831 798 3903 ln
826 3829 1079 3919 occasionibus
1105 3844 1259 3918 autem,
1288 3850 1369 3927 quae

284 3945 368 4002 sunt
381 3927 418 3998 in
436 3954 539 4014 erse,
559 3954 643 4002 cum
669 3927 799 4016 eodem
821 3930 858 4000 S.
881 3927 1013 4001 Carolo
1031 3925 1183 4001 omninb
1200 3923 1370 4025 neganda

182 4124 187 4133 ff
283 4040 340 4101 cst
358 4025 551 4104 Absoturto
570 4083 581 4132 ,
598 4026 671 4103 nisi
683 4030 830 4142 pecasio
848 4026 999 4129 prorsirs
1018 4026 1218 4104 auferatur.
1243 4026 1371 4128 Hanc«
