2942 4717
379 346 473 435 MV.
491 344 583 414 Cireb
599 309 900 448 ludicidOfficiune.
1145 345 1187 417 51

120 478 185 534 tem
201 457 359 534 securior
373 443 416 531 in
433 459 535 531 omui
552 472 722 531 votorum
742 483 875 555 genere
893 457 963 533 erit
982 459 1189 559 frequentia

118 563 432 633 sacramentorum.
447 555 574 650 (Num.
593 557 691 651 243).
711 558 897 643 advertat,
911 573 992 644 rota
1012 574 1190 659 perpetua

174 684 209 732 se
226 658 447 730 commutari
467 658 507 730 in
525 653 764 755 temporalia;
785 655 990 731 dummodb
1009 658 1105 732 adsit
1123 657 1191 731 de·

140 757 182 828 ita
198 755 412 855 proporti03
429 768 466 827 ct
480 752 532 827 sic
549 758 659 826 etiem
674 753 784 826 realia
803 769 956 853 possunt
970 758 1191 832 commutari

121 855 155 925 in
170 854 393 954 personalia;
417 868 453 927 et
475 858 600 926 contri
621 853 829 951 personalia
849 854 886 925 in
910 855 1015 934 realia
1038 854 1190 948 (tint

126 980 156 1025 ιι.
171 955 227 1048 alp
248 979 284 1025 v.
296 951 541 1042 Notandum).
562 950 769 1052 Loquendo
787 966 910 1036 autam
927 953 973 1026 de
990 954 1191 1053 Dispensa-

123 1051 217 1138 dooe,
233 1052 283 1123 ad
303 1050 399 1124 hanc
416 1050 615 1150 requiritur
629 1074 738 1126 causa
754 1056 915 1150 gravior.
937 1051 1113 1126 nimirirm
1131 1077 1192 1151 pe-

118 1149 266 1222 riculum
281 1149 419 1247 grande
434 1149 729 1245 transgressionis
739 1204 747 1234 ,
759 1176 887 1247 magna
901 1149 1098 1225 difficultas
1112 1175 1193 1224 exe·

114 1249 281 1339 cationis,
306 1247 454 1333 levitas,
479 1263 540 1319 aut
561 1248 774 1347 imperfecta
795 1248 1010 1321 deliberatio
1034 1253 1108 1349 qul
1127 1275 1193 1323 vo·

114 1360 182 1418 tum
203 1351 379 1420 emissum
403 1361 457 1421 est
481 1346 619 1444 (Num.
651 1348 720 1421 252
745 1360 781 1419 et
809 1349 912 1443 253).
940 1345 1192 1422 Nihilominus

112 1469 250 1549 sempeq
266 1445 455 1519 laudabile
473 1446 542 1518 erit
559 1444 758 1543 adjungere
773 1445 987 1539 hujusmodi
1005 1446 1193 1546 dispensa·

111 1543 265 1617 tionibus
285 1544 450 1643 aliquam
466 1544 806 1617 commutationem.
823 1541 887 1617 Hae
901 1558 1023 1617 autem
1038 1546 1193 1645 Dispen-

109 1643 283 1730 sationes,
298 1658 334 1715 et
349 1645 653 1715 commutationes
670 1655 824 1740 possunt
840 1642 915 1716 lieri
930 1649 1031 1717 extri
1045 1642 1194 1718 confess

108 1740 271 1826 sionem,
293 1740 403 1815 modb
419 1741 573 1815 facultas
591 1763 665 1813 non
681 1742 728 1815 sit
744 1765 916 1816 concessa
933 1740 1003 1814 sub
1021 1740 1084 1814 tali
1102 1742 1195 1815 con·
1272 1832 1275 1838 Ι

108 1837 264 1926 ditione,
279 1838 321 1912 ist
335 1840 373 1912 in
390 1838 554 1913 Jubilaeo
564 1840 691 1931 (Num.
713 1841 778 1940 157
796 1866 827 1912 v.
842 1837 937 1937 Ιιιιὸ)
950 1867 958 1927 ;
970 1839 1038 1914 sed
1050 1839 1197 1916 consilii

108 1951 158 2009 est
176 1965 236 2013 eas
258 1938 377 2012 facere
396 1940 435 2012 in
452 1939 703 2013 Confessione.
829 1962 835 1982 ·

154 2062 210 2136 ²7·
224 2034 361 2130 Qubad
375 2035 623 2137 blasphemias
641 2040 855 2136 interroget,
871 2036 900 2108 si
916 2051 1106 2114 execratus
1122 2038 1198 2113 lue-³

108 2134 152 2207 rit
166 2136 351 2209 Sanctus?
375 2150 412 2210 et
439 2135 574 2235 quibus
590 2135 710 2209 verbis
730 2163 817 2211 usus
835 2136 967 2226 fuerit,
991 2162 1037 2209 an
1064 2137 1198 2214 dixerit

109 2233 200 2307 malie
227 2234 364 2307 habeat
385 2232 517 2332 rulgb‚
539 2233 749 2334 maneggio,
775 2234 832 2311 vel
850 2236 953 2319 Atta,
973 2251 1035 2309 aut
1051 2236 1198 2310 Potiu?

107 2329 254 2405 Etenim
277 2331 400 2407 dicere
424 2333 635 2431 rrnmapgia,⁴
658 2348 804 2408 certum
831 2349 886 2406 est
911 2359 991 2412 ,esse
1017 2334 1195 2410 mortale:

107 2431 190 2503 Atta
208 2435 249 2504 in
270 2457 308 2503 se
324 2448 378 2505 est
391 2431 534 2506 veniale
549 2488 558 2518 ‚
575 2434 661 2529 quia
680 2430 921 2506 taleverbum
940 2453 1015 2504 non
1030 2434 1199 2508 continet

109 2529 397 2622 contumeliam
415 2529 480 2604 sed
505 2530 620 2630 aliqui
643 2530 754 2603 rudes
781 2529 953 2605 eumdem
979 2531 1199 2627 concipiunt

107 2624 300 2702 horrorem
325 2635 366 2708 ac
385 2655 472 2702 cum
496 2627 628 2718 dicnut
651 2628 867 2727 Managgrir,
888 2641 924 2700 et
947 2641 1037 2700 tunc
1053 2642 1202 2728 oportet

110 2729 224 2827 accipi
240 2754 308 2827 pro
324 2729 422 2826 gravi
437 2726 688 2825 blasphemia,
703 2741 740 2798 et
755 2725 866 2799 simul
885 2729 1065 2801 instruere
1082 2729 1199 2826 poeni·

111 2838 266 2918 tentem,
281 2828 354 2899 tale
370 2825 523 2899 effatum
551 2850 625 2897 non
653 2850 731 2898 esse
759 2824 1044 2924 blasphemiam.
1066 2827 1199 2904 Dicere

109 2925 215 3019 Porto
230 2928 268 2997 in
285 2951 323 2999 se
339 2940 433 2998 esset
446 2948 553 3022 grave
571 2942 763 3022 peccatum
784 2929 884 3023 juxti
904 2922 1045 2996 Idioma
1064 2926 1200 3023 Hispa·

110 3025 257 3105 nicam.
274 3023 338 3096 sed
356 3026 393 3095 in
416 3037 542 3096 nostro
563 3021 794 3119 blasphemia
812 3050 887 3095 non
905 3036 981 3108 est,
998 3046 1085 3097 cum
1102 3025 1199 3099 nihil

111 3123 211 3198 aliud
228 3123 409 3222 significet
425 3127 537 3222 qnam
552 3122 844 3220 interjectionem
860 3122 1084 3221 indignantis
1100 3124 1200 3214 (Lib.

112 3219 134 3294 3
154 3250 190 3297 n.
217 3225 285 3315 124
305 3247 339 3293 r.
357 3219 517 3319 Neque).
535 3218 788 3294 Nihilominus
808 3221 952 3293 bonurn
969 3221 1039 3293 erit
1056 3224 1202 3320 exigere

112 3346 327 3404 numerum.
347 3344 433 3394 cunr
452 3318 563 3392 rudes
579 3319 769 3393 horrorem
791 3317 1050 3400 notabiliorem
1066 3345 1111 3393 ex
1128 3320 1200 3397 hoc

115 3422 340 3518 concipiunt.
365 3416 436 3490 Sed
457 3444 543 3491 cum
571 3418 642 3491 tale
663 3417 820 3492 verbum
840 3422 887 3490 sit
912 3441 942 3489 ae
972 3420 1144 3492 uivocum
1166 3438 1202 3495 et

114 3539 199 3593 cum
232 3519 347 3618 possit
380 3517 497 3631 accipi
526 3516 566 3588 in
602 3541 709 3589 senso
746 3515 919 3601 meliori,
946 3445 1050 3589 beot
1082 3527 1205 3615 potest‘

115 3617 352 3691 animadverti
368 3631 572 3716 poenitens,
597 3616 699 3714 quod
715 3607 812 3688 illud
834 3619 933 3713 juxti
957 3628 1119 3688 nostram
1143 3616 1201 3691 lo·

115 3717 260 3816 quelam
286 3740 360 3788 non
387 3715 434 3786 sit
458 3712 689 3813 blasphemia
715 3767 726 3801 ,
757 3710 1060 3829 qnandoquidem
1087 3717 1202 3790 nostri

116 3815 295 3916 indigenae
312 3837 386 3886 non
406 3810 607 3885 intendunt
625 3813 723 3884 certe
744 3811 907 3911 prolerre
924 3810 1021 3884 illud
1038 3812 1202 3889 insensu

118 3919 261 4014 pejore,
282 3897 378 3985 idest
398 3910 883 4011 Hispanorumtldiomatis‚
904 3910 968 3983 sed
994 3909 1206 3990 advertatur

114 4013 245 4095 simul,
264 4025 304 4085 ut
320 4024 443 4085 careat
460 4014 479 4083 a
496 4009 686 4098 scandolo,
705 4011 735 4083 si
755 4033 931 4109 umquam
950 4008 1104 4086 adesset.

167 4116 223 4185 28.
241 4111 446 4206 Interroget
461 4135 493 4180 2.
509 4110 539 4181 si
557 4110 776 4182 exactaverit
792 4108 870 4180 dies
885 4121 1050 4193 sanctos,
1067 4112 1204 4209 nemph

120 4208 315 4301 Pascham,
337 4207 509 4285 Natalem
535 4193 574 4284 J.
603 4208 667 4297 (ht
693 4205 969 4307 Epiphaniam,
1000 4204 1204 4287 Sabbatum
