2942 4717
232 203 339 295 Capit.
353 203 413 271 IX.
427 206 448 293 ς
463 201 524 272 IV.
541 203 591 271 De
605 203 786 295 frequentia
800 202 1088 272 sacramentorum.
1135 199 1209 288 149·

128 308 312 410 frigescere
338 343 446 388 usum
468 316 748 389 Communiunis
775 314 1019 415 quotidianae,
1051 339 1201 394 omnem

129 410 345 506 diligentiam
365 412 614 487 adhibuerunt
633 413 681 486 ad
699 414 805 486 illum
824 412 1130 510 reintegrandum.
1154 415 1203 485 Et

131 509 163 582 in
180 510 239 581 lll.
257 512 404 611 Synodo
420 512 683 586 Mediolanensi
696 511 821 584 habita
833 510 903 584 suh
916 513 951 583 S.
969 512 1101 584 Carolo
1114 514 1204 584 Bor-

131 631 283 694 nomaso,
305 610 515 709 injunctum
539 612 610 683 fuit
626 609 801 683 Parochis
820 610 1002 683 exhortari
1019 609 1144 682 fideles
1156 609 1202 702 *in

129 707 360 781 concionibus
379 709 426 781 ad
450 708 544 783 hauc
567 709 812 809 frequentiam
835 709 1136 794 Communionrs;
1166 719 1203 780 et

129 804 269 901 insuper
308 807 523 908 impositum
556 806 626 881 fuit
657 806 851 905 Episcopis
887 807 1084 906 provinciae
1114 862 1123 892 ,
1157 816 1204 878 ut

132 902 361 1001 prohiberent
393 905 637 989 concionari,
667 922 704 978 et
730 902 890 978 severiirs
928 907 1103 1005 punirent
1139 928 1201 975 eos

133 1004 181 1098 qui
199 1004 415 1099 oppositum
432 1002 712 1082 disseminarent
732 1012 919 1101 tamquam
944 1000 1203 1075 scandalorum

129 1113 271 1188 satores,
310 1116 348 1174 et
381 1106 493 1178 totius
525 1101 702 1176 Ecclesiae
741 1101 864 1174 sensui
896 1101 1204 1175 contradicentes.

125 1193 322 1296 Insuperin
337 1199 868 1297 praefato.DecretoInnocentii
885 1200 1205 1297 imponitorsspis·

125 1297 235 1393 copis,
254 1313 297 1368 nt
315 1296 590 1394 diligentissime
607 1316 781 1386 caveant,
795 1322 841 1370 ne
854 1296 965 1372 alicui
980 1296 1203 1370 Communis

125 1391 338 1493 denegetur,
355 1397 467 1469 etiam
484 1394 695 1495 quotidiana
707 1450 716 1483 ‚
730 1411 767 1468 et
787 1411 970 1495 quaerant,
987 1412 1028 1469 nt
1042 1421 1109 1495 par
1125 1409 1202 1482 est,

124 1491 158 1562 in
171 1496 241 1563 suis
258 1492 419 1567 subditis
435 1493 532 1568 banc
547 1493 643 1568 alere
656 1493 897 1568 devotionem.
912 1495 1090 1567 Fatentur
1103 1491 1203 1566 ultrb

124 1588 265 1687 quidam
287 1593 434 1690 spiritus
451 1591 659 1690 rigidiores,
674 1590 814 1665 licitam
829 1591 981 1691 quidem
1000 1617 1077 1664 esse
1091 1592 1201 1664 Com-

124 1689 334 1764 monionem
360 1689 612 1789 quotidianam
626 1745 638 1780 ,
653 1687 719 1764 sed
735 1687 882 1772 dicunt,
899 1689 1036 1788 requiri
1061 1688 1108 1761 ad
1127 1687 1207 1762 hoc⁴

122 1782 278 1870 debitam
305 1786 604 1886 dispositionem
628 1783 694 1861 sed
719 1790 813 1861 scire
837 1786 883 1860 ab
901 1788 989 1884 ipsis
1013 1785 1202 1859 desidera·

122 1907 216 1974 mus,
234 1885 415 1986 quidnam
433 1885 640 1984 intelligant
659 1885 729 1958 hoc
748 1887 897 1959 nomine
913 1883 1032 1956 debito
1046 1884 1201 1980 disposi-

120 1981 247 2056 tionis?
260 1985 297 2056 Si
311 1985 429 2057 intelli
457 1999 524 2059 unt
536 1983 704 2084 dignam,
719 1988 847 2085 ecquis
862 1987 1038 2082 umquem
1053 1981 1204 2057 deberet

122 2080 274 2178 amplius
289 2082 336 2154 ad
349 2011 617 2159 Encbaristiam
629 2078 833 2156 accedere?
845 2081 1065 2156 salustasse
1077 2081 1202 2154 Ghris·

87 2209 98 2235 r
122 2188 176 2249 tus
187 2179 297 2278 digne
309 2181 579 2255 Eucharistiam
595 2180 857 2282 sumpsit‚quia
871 2178 1078 2255 solusDeos
1089 2177 1199 2279 digne

120 2276 231 2350 Deum
254 2279 373 2378 potnit
390 2283 562 2380 recipere.
587 2279 623 2352 Si
644 2278 729 2353 verb
747 2278 1026 2352 convenientem
1046 2277 1203 2375 disposi-

121 2374 251 2449 tionem
279 2377 517 2475 iutelligunt‚
535 2382 610 2478 jam
636 2376 804 2478 superius
831 2375 974 2450 dictum
1003 2390 1077 2462 est,
1123 2374 1201 2449 uod

121 2472 177 2554 iis,
196 2478 260 2574 qui
279 2475 436 2550 actualia
463 2476 603 2550 habent
623 2491 772 2570 peccata
787 2474 966 2564 venialis,
993 2487 1057 2545 aut
1084 2401 1201 2548 elfec-
1227 2517 1231 2524 ·

120 2583 192 2644 tum
209 2574 258 2646 ad
278 2573 341 2647 illa
357 2632 366 2661 ,
384 2573 463 2648 sine
480 2575 661 2649 desiderio
676 2573 963 2657 emendationis,
983 2595 1133 2670 equum
1151 2573 1202 2646 sit

121 2667 343 2769 frequentem
369 2663 676 2748 communionem
696 2672 887 2770 denegare.
912 2669 983 2744 Sed
1015 2671 1045 2742 si
1071 2675 1198 2772 posted

119 2763 313 2866 loquamur
332 2771 378 2844 de
393 2771 484 2854 illis,
503 2773 567 2872 qni
591 2770 742 2845 sublato
767 2775 839 2872 jam
858 2768 992 2842 affectu
1013 2769 1125 2842 etiam
1151 2767 1202 2843 a'd

120 2868 263 2941 venialia
281 2885 317 2942 et
334 2874 504 2970 superati
520 2871 650 2970 majori
662 2884 763 2969 parte
777 2893 969 2969 pravarum
984 2892 1133 2940 suarum
1144 2869 1203 2942 in·

122 2962 376 3055 clinationum‚
390 2994 566 3066 maguum
583 2965 885 3040 communicandi
902 2965 1125 3039 desiderium
1142 2965 1201 3038 ha·

121 3056 220 3154 bent,
238 3070 360 3164 inquit
378 3070 413 3139 S.
433 3068 652 3141 Franciscus
672 3065 827 3139 salesius
844 3064 1004 3161 (lutrod.
1030 3064 1102 3137 alla
1129 3067 1201 3139 vita

123 3156 233 3235 diruta
253 3189 288 3237 c.
310 3191 353 3238 no
365 3167 397 3258 )‚
423 3163 525 3265 quod
542 3163 581 3237 hi
598 3168 734 3264 praeriu
749 3166 806 3237 sui
825 3163 1023 3237 Directoris
1042 3163 1199 3237 consilio

123 3260 211 3333 recte
239 3264 378 3361 possint
403 3263 677 3338 communicare
701 3260 877 3362 quotidie.
905 3263 956 3334 Et
980 3262 1016 3335 S.
1036 3262 1200 3336 Thomas

123 3353 173 3447 (l.
189 3361 285 3433 Sent.
304 3361 397 3433 Dist.
415 3361 642 3456 12')‚docet‚
659 3359 763 3460 quod
776 3357 926 3459 quandb
942 3362 1062 3433 anima
1078 3359 1201 3459 aliqua

125 3460 496 3553 erperrtnr'benelioio
510 3459 792 3535 Communiunis
808 3483 847 3531 se
862 3482 1024 3534 crescere
1041 3458 1078 3529 in
1100 3483 1201 3530 asno-
1245 3525 1248 3530 ,

125 3575 159 3621 re
172 3554 315 3648 divino,
334 3581 404 3631 nec
417 3558 585 3631 imminui
603 3559 842 3630 reverentiam
859 3555 897 3628 iu
910 3558 1202 3647 Sacramentum,

127 3672 195 3723 uon
215 3653 344 3728 debeat
361 3656 542 3729 abstinere
559 3661 577 3728 ir
594 3654 863 3728 Communione
882 3657 992 3729 etiam
1015 3652 1202 3754 quotidia-

124 3770 188 3840 11³3
206 3778 251 3825 en
275 3756 354 3852 ipsa
379 3756 417 3828 S.
442 3754 611 3829 Doctoris
638 3752 747 3827 verba
765 3782 775 3823 :
790 3752 833 3825 Si
844 3753 970 3852 uliquis
986 3750 1203 3847 experientt'd

124 3852 342 3942 coornen‘sset
364 3879 413 3924 ex
431 3851 632 3952 quotidiano
657 3850 914 3925 Communiunis
937 3876 961 3921 α
1006 3848 1203 3926 en'umon's

110 3939 303 4054 fisrvorem,
323 3967 447 4022 atrion
465 3950 577 4028 minui
598 3950 853 4043 reverentiam,
870 3947 950 4023 talis
987 3945 1102 4022 claret
1114 3972 1200 4047 qoo-

122 4042 480 4137 edessensisine.
506 4059 527 4136 f
724 4101 732 4112 ·
842 4045 853 4053 ”’
945 4045 962 4082 ³·
1133 4095 1142 4111 ι
1194 4071 1199 4078 ’
