2942 4717
343 165 426 252 Cap.
443 159 503 226 ΙΙΙ.
524 159 574 228 De
589 159 754 228 ordinibus
771 158 805 226 in
823 164 939 252 specie.
1114 163 1178 250 295

112 291 159 353 eet
178 273 313 348 bouitas
331 270 473 343 infinita
497 325 506 359 ‚
532 285 699 344 tenemur
718 296 805 344 eum
821 298 932 367 super
951 270 1072 344 omnia
1089 270 1179 344 dili-

113 397 203 472 gere3
222 371 305 443 huic
322 384 444 442 autem
463 384 642 469 praecepto
660 369 814 442 alterum
834 369 1007 469 adjicitur
1019 369 1179 443 charita-

113 474 172 557 tis,
193 468 328 544 scilicet
349 466 529 566 diligendi
548 466 779 567 proximum,
801 467 895 540 sicut
918 494 985 541 uos
1004 468 1114 566 ipsos.
1140 469 1198 561 41

114 567 163 644 td
175 566 324 640 salutem
345 565 496 638 demirm
518 563 757 639 obtinendam
776 580 863 640 sunt
883 569 990 639 etiam
1008 590 1180 639 necessa-

60 702 62 745 :
114 668 156 740 ria
172 664 263 738 bona
278 690 410 763 opera,
428 664 606 738 servando
616 662 794 737 mandata
812 665 879 737 Dei
894 721 903 752 ‚
919 679 956 736 et
971 662 1179 753 Ecclesiae,

59 756 61 847 i
114 786 182 864 quae
196 765 234 836 io
254 762 426 862 Decologi
442 777 478 837 et
496 762 673 838 Ecclesiae
691 767 886 862 praeceptis
903 763 1152 837 continentur.

57 850 59 935 l
150 859 249 953 Quod
266 876 388 934 autem
403 876 543 960 spectat
559 859 606 933 ad
619 859 825 934 secundum
839 886 972 934 munus
991 859 1235 959 explicatu-132
1348 941 1355 956 ,

57 964 58 981 ³
116 957 384 1059 diErangelium
401 1013 409 1044 ,
426 959 500 1034 sive
515 960 761 1059 Scriptorum,
777 957 993 1044 sciendum,
1013 958 1105 1030 duos
1121 961 1178 1058 ip·

55 996 58 1143 l
114 1083 174 1130 sam
188 1083 315 1131 seusus
334 1056 493 1147 hahere,
511 1057 712 1130 Lr'tteralem
726 1113 737 1145 ‚
751 1071 789 1129 et
804 1056 993 1153 Mystlcum
1011 1085 1024 1127 .·
1041 1055 1109 1131 Ille
1123 1069 1180 1130 est

54 1144 56 1173 '
111 1155 290 1240 litteralis,
312 1156 376 1254 qui
394 1181 461 1255 per
477 1158 555 1256 ipsa
577 1153 687 1229 verba
712 1156 953 1254 significatur.
973 1153 1146 1252 Mystt'cus
1166 1206 1180 1243 ,

111 1252 164 1351 qui
179 1279 250 1326 uon
270 1254 495 1352 significatur
509 1280 575 1353 per
588 1251 721 1342 verba,
739 1251 805 1326 sed
822 1262 888 1352 per
903 1278 980 1326 rem
998 1253 1085 1350 ipsis
1102 1277 1181 1326 ver·

108 1352 156 1424 bis
176 1352 435 1449 significatam,
460 1376 491 1424 r.
514 1378 569 1450 gr.
593 1378 678 1426 cum
702 1351 871 1433 dicitur:
895 1349 937 1423 St
957 1351 1075 1424 oculos
1098 1367 1179 1424 tuus

108 1447 316 1521 scandalizat
331 1463 365 1522 tc
383 1504 393 1535 ,
410 1475 492 1521 erue
516 1475 595 1522 eum
612 1465 678 1524 etc.
697 1447 760 1521 hic
777 1474 853 1521 nou
872 1447 1023 1563 quidem
1048 1449 1181 1548 praeci·

107 1546 196 1645 pitur
218 1547 318 1621 oculi
347 1546 541 1637 abscissio,
565 1545 632 1621 sed
660 1545 940 1634 scandali,s1vd
964 1546 1182 1622 occasionis.

106 1646 227 1717 Sensus
240 1660 362 1720 autem
377 1644 552 1744 Mystlcus
568 1646 607 1718 in
622 1658 694 1718 tres
709 1643 799 1718 alios
816 1642 1074 1733 subdividitur,
1090 1671 1119 1719 r.
1134 1645 1180 1719 In

106 1741 327 1838 Allagoricum
341 1801 351 1836 ,
367 1743 508 1816 scilicet
521 1757 748 1842 spectantem
769 1741 888 1839 adres
906 1741 1121 1817 credendas.
1143 1769 1181 1817 2.
1252 1806 1261 1826 ,

104 1837 143 1915 lu
155 1841 418 1940 Anagogr'cum,
445 1854 671 1939 spectantem
690 1841 737 1914 ad
752 1840 848 1915 bons
868 1841 1061 1938 speranda.
1082 1839 1179 1916 3.1n

106 1937 137 2007 Τ
132 1939 356 2038 topologicum
369 1997 379 2026 ,
392 1953 618 2039 spectantem
636 1938 685 2012 ad
699 1965 832 2014 mores.
854 1938 1079 2036 Regulariter
1096 1963 1180 2010 rer-

103 2028 354 2136 descriptore
372 2039 412 2109 in
430 2037 577 2110 litterali
592 2061 700 2111 sensu
715 2039 833 2137 accipi
852 2036 1008 2123 debent,
1027 2036 1097 2109 uisi
1117 2035 1180 2112 ad·

105 2135 146 2206 sit
163 2133 386 2226 absurdum,
406 2132 518 2235 proiit
543 2162 630 2208 curu
650 2136 814 2210 dicitur:
839 2137 949 2209 Petra
972 2150 1086 2207 autem
1105 2150 1184 2207 erat

105 2229 285 2323 Christus,
313 2246 351 2307 et
375 2233 520 2307 similia.
551 2231 656 2334 sapt
684 2250 807 2309 autem
832 2234 1027 2333 Scripturas
1060 2246 1179 2306 textus

104 2343 221 2402 utrum
250 2354 297 2403 ue
319 2356 469 2404 sensum
487 2329 627 2404 habent
644 2357 655 2419 3
673 2330 868 2406 litteralem
887 2328 999 2404 simirl
1024 2344 1061 2404 et
1078 2356 1181 2430 mys-

103 2356 392 2528 ticumltlystico
408 2426 506 2529 saepd
528 2430 720 2519 convenit,
744 2446 786 2504 ut
797 2429 1013 2502 Sacerdotes
1030 2430 1069 2501 in
1086 2454 1180 2501 cou-

103 2526 266 2601 tionibus
283 2542 430 2600 utantur
445 2584 453 2609 ,
472 2529 689 2626 praesertim,
705 2530 736 2602 si
754 2542 809 2603 est
820 2526 1067 2628 tropologicus
1082 2581 1092 2616 ‚
1106 2523 1182 2613 siud

103 2623 259 2699 moralis.
277 2625 381 2699 Licet
396 2625 505 2699 etidm
529 2626 583 2699 uti
601 2624 802 2725 aliquando
826 2652 933 2699 sensu
958 2638 1086 2699 vocato
1102 2625 1181 2699 Ac-

103 2722 355 2799 commoliatitio
369 2718 510 2823 „modo
526 2724 565 2799 id
583 2722 645 2826 pie
662 2740 700 2800 et
715 2724 919 2827 prudenter
934 2737 1073 2823 agatur.
1136 2732 1142 2753 ‘
