2942 4717
298 204 366 277 326
630 207 772 278 Examen
789 208 1085 288 ordinandorum..
1109 212 1146 294 Ἴ)
1226 234 1231 244 ·

300 344 387 395 men
412 320 699 396 ministrandum
722 322 920 419 requiritur
935 337 1049 400 status
1071 319 1223 418 grati-‘et
1249 319 1309 396 sed
1333 317 1370 406 in

298 436 459 494 extrema
479 422 714 509 necessitate,
741 421 772 493 si
796 423 1052 495 Ministernon
1073 434 1193 520 posset
1215 423 1283 516 tim
1303 422 1367 514 citi

298 521 463 602 conteri,
484 519 722 619 probabiliter
741 522 759 591 a
777 519 885 618 culpa
903 536 1116 608 excusatur,
1137 522 1165 591 si
1182 520 1367 610 ministrat,

299 616 349 689 ita
364 617 498 707 Solus,
526 620 628 691 Suar.
649 619 767 696 Tolet.
784 619 945 712 Caietan.
964 617 1092 692 Armil.
1112 618 1239 689 Valen.
1253 618 1369 693 Anacl.

297 719 313 809 (
330 717 426 790 Vide
446 716 470 789 l.
492 716 517 789 6
537 745 575 791 n.
596 717 651 791 33.
668 734 704 790 et
719 714 867 792 Cabrin.
884 719 973 790 Luc.
988 714 1103 788 Moral
1119 743 1151 815 p,
1169 742 1202 790 2.
1214 731 1313 790 tract.
1328 720 1365 809 dt

297 838 336 886 n.
364 814 423 888 56.
438 827 463 907 ).
487 816 699 914 Numquam
728 830 850 888 autem
873 829 1064 888 excusatur
1087 813 1295 912 Paroehus,
1316 827 1369 887 aut

295 910 524 1002 OEeonomus
538 942 547 984 ε
563 915 599 985 hi
613 916 712 986 enim
727 914 948 987 debentesse
962 939 1107 1012 semper
1120 915 1235 1014 parati
1249 913 1292 986 ad
1304 913 1367 985 mi-

295 1012 541 1085 nistrandum.
557 1012 754 1086 Celebrans
768 1028 888 1084 autern
905 1001 1103 1084 in'mortali
1117 1028 1272 1111 quatuor
1283 1038 1367 1084 mor·

294 1108 381 1181 talia
402 1112 616 1200 committit,
648 1113 791 1210 1.·quia
814 1109 963 1208 indigne
991 1127 1201 1200 consecrat,
1228 1137 1274 1199 2,
1294 1110 1368 1209 quia

294 1207 446 1305 indigne
466 1210 602 1296 sumit,
621 1210 656 1283 3.
683 1210 770 1309 quia
789 1208 938 1306 indigne
957 1211 1161 1295 ministrat3
1188 1222 1225 1292 et
1239 1211 1274 1302 4.
1293 1208 1368 1306 quia

294 1307 476 1381 ministrat
489 1308 661 1408 indigno,
678 1310 742 1408 qui
757 1323 810 1382 est
825 1309 926 1407 ipse(
941 1307 964 1379 l.
980 1308 1005 1382 6
1020 1334 1060 1381 n.
1076 1308 1135 1381 35.
1150 1334 1185 1379 v.
1204 1309 1325 1400 Hinc).

237 1446 271 1492 ῃ,
344 1407 496 1498 Quaer.;
522 1434 566 1478 au
586 1422 713 1507 peccet
730 1409 884 1505 graviter
908 1407 971 1506 qui
995 1406 1149 1479 existens
1172 1406 1212 1478 in
1238 1401 1368 1478 mortali

294 1504 476 1577 ministrat
488 1505 768 1600 Sacramentum
789 1506 826 1578 in
846 1505 1077 1594 necessitate,
1093 1506 1122 1577 si
1139 1504 1186 1576 ad
1201 1502 1291 1577 illud
1302 1529 1368 1576 non

294 1619 350 1674 est
361 1601 550 1677 ordinatus
569 1660 578 1690 ,
594 1621 635 1677 ut
651 1603 764 1677 laicos
780 1604 1050 1677 Matrimonium
1064 1602 1301 1687 contrahens,
1315 1614 1368 1674 aut

291 1698 482 1797 baptizans
499 1729 508 1787 ς
529 1702 584 1776 vel
597 1705 627 1775 si
641 1718 695 1775 est
715 1702 902 1776 ordinatus
920 1760 928 1786 ,
954 1702 1017 1775 sed
1036 1702 1217 1774 ministrat
1232 1728 1303 1773 non
1319 1725 1368 1772 so·

291 1798 567 1874 lemniteri’Alii
578 1799 814 1897 probabiliter
824 1815 975 1898 negant,
992 1802 1152 1873 utConc.
1163 1797 1368 1876 TeurnNa·

291 1897 360 1970 tal.
373 1898 476 1972 Alex.
490 1913 528 1971 et
540 1898 600 1972 alii
612 1926 657 1973 ex
674 1902 719 1973 D.
732 1900 803 1973 Th.
819 1903 833 1986 l
847 1901 883 1974 3.
904 1927 939 1999 p.
953 1924 1016 1998 qu.
1029 1898 1096 1993 64.
1111 1912 1177 1970 art.
1194 1898 1229 1973 6.
1246 1897 1291 1971 ad
1313 1894 1367 1991 3.)

292 1995 368 2071 Sed
385 1996 611 2095 probabilius
626 1993 809 2071 affirmant
820 1997 928 2072 Cont.
943 1999 1151 2071 Tournslaa
1164 1996 1291 2087 Croix,
1306 1998 1372 2069 An·

293 2096 416 2180 toine,
433 2098 536 2195 Lago
552 2151 561 2178 ,
575 2098 752 2183 Pontius,
773 2097 885 2196 Vasq.
907 2096 1054 2170 Navarr.
1078 2109 1148 2168 etc.
1168 2097 1262 2189 Quia
1281 2118 1366 2167 sem·

292 2218 361 2290 per
374 2203 499 2267 sancta
511 2194 635 2269 sanctie
649 2195 838 2268 tractanda
852 2210 940 2277 sont
968 2193 1015 2288 (l.
1032 2192 1107 2268 6n.
1123 2192 1203 2291 32.)
1219 2195 1365 2268 Minister
1428 2287 1429 2290 Ἴ

287 2306 415 2366 autem
435 2292 648 2368 solemniter
668 2294 940 2368 ministraturus
954 2293 1204 2379 Sacramenta,
1218 2293 1248 2366 si
1268 2306 1317 2364 est
1333 2293 1365 2362 in
1428 2297 1429 2338 ³

279 2391 462 2481 mortali,
481 2392 640 2479 sufficit,
663 2406 705 2465 ut
731 2391 854 2465 eliciat
882 2406 1005 2465 actum
1025 2386 1364 2484 contritionis(lbid
1391 2397 1394 2405 '
1426 2389 1428 2392 ’

172 2514 175 2520 ·
229 2526 233 2529 <
290 2487 1365 2585 n.34.);celebraturusverdMissam,debetConfesslonem
1426 2483 1427 2494 ’

289 2592 513 2688 praemittere
531 2618 539 2660 :
555 2605 705 2687 excepto
729 2593 840 2676 casu,
858 2593 932 2689 quc
952 2614 994 2662 ex
1013 2591 1225 2662 necessitate
1243 2613 1284 2660 ex
1303 2611 1364 2659 una
1425 2619 1426 2642 r

290 2701 395 2785 parte
422 2686 572 2760 deberet
591 2687 801 2774 celebrare,
820 2702 912 2760 etex
935 2686 1004 2759 alia
1021 2714 1095 2760 nnn
1110 2687 1251 2782 adesset
1274 2686 1364 2784 eopia
1424 2739 1425 2744 η

291 2783 533 2871 (Ξου-[θεεαείἱς
550 2786 614 2860 sed
631 2801 719 2859 tune
741 2799 824 2885 post
841 2784 1123 2858 celebrationem
1143 2784 1253 2862 debet
1266 2787 1363 2885 quim
1423 2827 1424 2846 .

290 2882 455 2983 primiun
468 2885 659 2974 confiteri,
682 2884 723 2956 ist
743 2887 906 2984 praecipit
927 2882 1187 2958 Tridentinum
1204 2910 1289 2957 sess.
1317 2881 1362 2955 13.

232 3065 236 3070 ²
291 3008 325 3075 c.
341 2980 503 3078 7.,(Vid.
524 2981 600 3058 1.-6.
617 3007 660 3055 ex
674 3009 712 3055 n.
731 2983 842 3076 255.)

234 3110 269 3163 aa
340 3079 588 3153 Confessarius
605 3079 749 3155 tantirm
766 3081 920 3156 audiens
932 3080 1207 3155 Confessionem
1225 3081 1262 3153 in
1282 3101 1363 3150 mor·

291 3178 380 3270 tali,
402 3176 629 3277 probabiliirs
653 3194 706 3252 est
727 3207 814 3253 cum
836 3183 959 3278 Lugo,
975 3181 1080 3279 Spor.
1098 3180 1212 3254 Salm.
1235 3176 1361 3260 Elbel,

289 3278 424 3357 Grais,
441 3292 477 3348 et
495 3276 597 3360 aliis,
626 3277 728 3378 quod
752 3304 828 3351 non
848 3293 975 3378 peccet
996 3280 1173 3376 graviter,
1196 3278 1362 3378 quianon
1418 3337 1419 3352 2

288 3376 439 3450 conficit
456 3377 743 3450 Sacramentum.
762 3378 799 3448 si
822 3376 909 3450 veri)
937 3376 1093 3450 absolvit
1112 3376 1236 3476 plures
1257 3373 1360 3473 poeni·
1417 3453 1418 3458 ,

281 3488 429 3558 tentes,
451 3477 558 3546 etiam
582 3473 806 3562 successive,
832 3477 871 3548 in
896 3490 990 3548 statu
1017 3477 1156 3575 peccati
1190 3471 1359 3555 mortalis,
1416 3501 1417 3528 2

287 3575 396 3671 plura
413 3572 583 3645 mortalia
597 3578 813 3658 committit,
831 3575 923 3674 quia¹
934 3567 1040 3672 plura
1058 3576 1290 3647 Sacramenta
1302 3569 1359 3641 dis·

287 3673 402 3746 tincta
422 3671 603 3743 ministrat
625 3675 686 3768 (n.
710 3673 768 3747 36.
791 3675 863 3766 Qu.
888 3672 948 3767 5).
975 3673 1151 3746 Sacerdos
1174 3675 1287 3758 item,
1307 3667 1359 3737 aut

286 3770 472 3846 Diaconos
487 3771 698 3843 ministrans
714 3771 984 3846 Euclraristiam
997 3773 1034 3848 in
1054 3771 1202 3846 mortali
1212 3764 1357 3840 mortali·

286 3881 343 3941 ter
370 3884 521 3968 peccat,
545 3870 629 3967 quia
649 3869 812 3968 proxime
833 3871 1019 3942 concurrit
1046 3870 1094 3942 ad
1111 3865 1355 3941 sanctificatio·

284 3988 373 4039 nem
389 3969 763 4042 Communicantium.
783 3963 1057 4044 Itatenendum
1075 3994 1157 4052 cum
1176 3962 1352 4065 pluribus,

286 4079 413 4139 contra
431 4065 520 4141 alios
542 4067 605 4164 (n.
625 4065 699 4162 35)
718 4064 917 4144 Celebraus
936 4082 1058 4145 autem
1077 4063 1117 4141 in
1140 4055 1350 4172 mortallsgtl

1108 4214 1210 4326 t'u'l
1303 4249 1305 4253 ὗ
