2942 4717
123 395 131 408 ¹⁴
211 369 320 464 Capit.
332 368 426 459 lX.§
442 369 502 440 tv.
522 369 575 439 De
589 369 770 463 frequentle
785 319 1084 444 sacramenrorum..
1120 379 1182 470 147

113 481 206 583 longe
231 479 451 558 fructuosius
474 487 521 556 sit
545 482 767 582 quibusdam
787 484 977 558 animabus
1002 488 1180 561 timoratis

116 584 160 656 dis
184 609 294 655 onere
318 609 356 655 se
381 581 428 656 ad
452 581 761 655 Communronem
788 582 929 656 actibus
946 587 1046 677 suis,
1066 592 1180 685 quim

66 733 70 742 -
115 610 431 780 ipsieoniessione.
447 681 496 755 Et
509 679 695 753 multoties
714 681 868 764 accidit,
882 683 985 781 quod
1001 699 1089 757 tunc
1103 687 1182 757 ani-

113 799 160 853 ma
186 801 225 854 se
256 779 427 878 disponat
451 778 593 852 actibus
621 778 901 872 ferventioribus
926 782 1180 876 contritionis,

115 878 331 952 confidentiae
346 933 356 964 ‚
374 895 409 951 et
426 877 655 950 humilitatis.
690 913 694 922 ¹

157 981 229 1076 ¹49.
247 976 379 1070 Qubad
396 973 801 1049 rert'communtonem
821 1001 896 1049 non
915 974 1104 1077 loquimur
1118 978 1180 1053 tte

118 1075 151 1149 de
161 1075 379 1173 obligatione
393 1077 583 1148 Pastorum
598 1076 805 1146 animarum
820 1095 895 1146 non
906 1076 1063 1171 negandi
1075 1079 1183 1151 Com·

112 1176 314 1247 munionem
333 1174 555 1271 cuicumque
578 1171 755 1258 subdito,
775 1177 838 1269 qui
863 1177 1000 1246 nonsit
1031 1174 1182 1274 publice

110 1288 292 1372 peccator,
316 1287 351 1344 et
369 1270 511 1371 quoties
535 1269 799 1344 rationabiliter
817 1272 919 1371 petit.
938 1272 1027 1346 Satis
1046 1273 1092 1344 de
1109 1273 1182 1348 hoe

110 1373 237 1469 egimus
253 1372 292 1442 in
309 1369 422 1443 Libro
438 1366 526 1462 (lib.
544 1367 570 1440 6
584 1395 621 1442 n.
643 1370 757 1463 2540
773 1370 810 1440 in
831 1395 905 1468 quo
924 1370 1104 1462 vidimus,
1120 1373 1182 1446 ln·

108 1470 312 1543 nocentium
327 1467 392 1541 XI.
407 1468 445 1539 in
468 1465 630 1567 quodam
651 1494 717 1540 suo
734 1469 889 1540 Deereto
910 1468 1121 1559 ordinasse,
1140 1485 1183 1545 ut

108 1594 187 1641 usus
202 1566 479 1640 Communionis
498 1566 698 1665 frequentis
716 1580 813 1638 totus
830 1569 1077 1641 remitteretur
1092 1596 1183 1668 pru·

107 1665 229 1740 dentiae
256 1662 596 1754 Confessariorum3
626 1662 725 1738 uude
755 1664 834 1737 siue
863 1664 1022 1738 evidenti
1049 1693 1181 1758 causa,

104 1759 414 1863 nescioquomodb
426 1762 578 1837 Paroclti
590 1765 731 1862 possint
742 1765 820 1833 tuti
835 1763 1058 1836 conscientia
1069 1764 1183 1838 dene·

105 1890 189 1961 gare.
204 1860 414 1961 petentibus
440 1861 765 1934 communionem.
793 1862 840 1936 Et
865 1861 1068 1935 notandum
1100 1877 1180 1953 est,

105 1961 199 2062 quod
216 1964 254 2034 in
279 1959 425 2060 prefato
443 1958 596 2032 Decreto
645 1957 878 2031 rolribeautur
895 1960 1069 2059 Episcopi
1091 1989 1183 2055 prte-

103 1986 1057 2158 scribereingeneresnissubditisdiesadiaciendum
1068 2061 1181 2135 Com·

105 2160 312 2232 munionem
334 2184 343 2242 ς
371 2156 437 2230 sed
459 2154 648 2256 loquimur
674 2155 737 2228 htc
759 2152 946 2229 dumtaxat
970 2157 1016 2230 de
1040 2159 1179 2251 modo,

106 2282 174 2357 quo
192 2255 409 2331 confessarii
428 2252 565 2327 debent
577 2279 613 2327 sc
629 2279 752 2352 gerere
770 2257 807 2326 in
822 2254 1059 2328 concedenda
1075 2259 1181 2331 Com·

104 2359 272 2430 munione
284 2355 359 2427 suis
370 2352 645 2452 poenitentibus.
670 2352 712 2425 ln
732 2350 804 2425 hoe
822 2353 972 2450 quidam
987 2367 1113 2427 errant
1129 2354 1180 2429 ob

106 2457 250 2527 nimiam
265 2451 532 2550 indulgentiam
551 2505 561 2535 ‚
581 2449 641 2523 alii
661 2451 708 2523 ob
732 2450 889 2524 nimium
905 2455 934 2523 ri
963 2476 1075 2524 orem.
1093 2452 1179 2527 Non

106 2567 157 2625 est
177 2552 329 2625 dubium
344 2608 353 2635 ‚
371 2552 460 2651 quin
482 2571 584 2623 error
604 2547 674 2634 sit,
692 2548 733 2620 tt
748 2550 903 2622 advertit
918 2476 978 2622 Sb.
999 2552 1039 2623 Ρ.
1057 2553 1180 2623 Bene&

108 2645 323 2725 dictuleV.
334 2647 372 2724 in
387 2673 496 2721 aureo
519 2663 586 2720 suo
598 2645 694 2720 libro
712 2646 758 2720 de
775 2644 946 2746 synodo,
973 2649 1179 2725 concedere

105 2749 405 2823 communionem
430 2748 657 2846 frequentem
685 2745 729 2819 iis
755 2747 820 2846 qui
843 2744 937 2846 saepe
965 2744 1003 2817 lu
1030 2762 1180 2846 peecata

36 2927 37 2938 χ
107 2849 216 2946 gratia
232 2844 430 2928 labuntur.
458 2869 526 2919 nec
550 2843 700 2918 solliciti
721 2858 810 2917 sunt
833 2842 880 2915 de
898 2843 1036 2941 agenda
1054 2849 1180 2945 poeni-¹

107 2946 227 3033 tentia,
244 2969 286 3020 ac
308 2938 354 3018 de
371 2969 432 3018 sua
451 2933 705 3017 emendatione
720 2966 731 3034 ;
748 2953 805 3014 aut
835 2941 898 3032 iis,
916 2943 980 3041 qui
995 2945 1178 3020 accedunt

106 3043 148 3116 ad
170 3041 475 3119 communionem
504 3060 588 3115 oum
619 3040 751 3113 affectu
776 3039 823 3113 ad
848 3056 996 3139 peccata
1023 3044 1178 3118 venialia

106 3137 297 3217 deliberata
323 3139 402 3217 sini
422 3140 500 3214 ullo
518 3139 722 3230 desiderio,
744 3152 786 3212 ut
814 3137 860 3211 ab
892 3142 943 3213 eis
974 3138 1180 3217 liberentur

104 3240 186 3338 (lib.
201 3241 226 3315 6
242 3270 278 3315 n.
294 3246 400 3340 270).
417 3237 577 3340 Expedit
587 3236 740 3338 quidem
759 3235 960 3337 aliquandb
975 3240 1179 3315 concedere

104 3340 405 3418 communionem
432 3338 479 3411 oli
509 3336 638 3426 uibus,
659 3338 722 3436 qui
746 3349 866 3408 essent
881 3339 918 3407 in
935 3338 1102 3436 periculo
1119 3340 1181 3413 la*

106 3433 210 3514 beudi
223 3441 262 3513 in
277 3452 425 3538 peccata
445 3363 595 3509 letballa
611 3490 620 3521 ‚
641 3450 680 3507 ut
695 3431 788 3507 vires
813 3435 989 3534 recipiant
1006 3435 1180 3510 adrosis-

105 3537 275 3613 tendums
292 3533 357 3609 sed
381 3550 548 3636 respectu
572 3547 697 3607 earum
718 3555 977 3631 personarum,
1002 3560 1083 3633 quat
1102 3553 1178 3610 nort

107 3636 257 3710 existunt
271 3635 311 3708 in
334 3634 398 3709 tali
424 3630 613 3734 periculo,
631 3644 667 3704 et
683 3630 702 3705 ὲ
718 3636 844 3705 contra
867 3634 1102 3705 oommittunt
1118 3660 1179 3706 or-

106 3725 238 3809 dinarii
257 3747 403 3836 peceato
427 3732 580 3805 venialia
601 3728 821 3819 deliberata,
839 3730 928 3803 dum
948 3730 1049 3802 nulla
1067 3732 1106 3803 in
1125 3733 1177 3807 eis

105 3832 326 3924 emendatio,
343 3853 465 3931 neque
482 3827 704 3904 desiderium
721 3821 988 3911 emendationis
1005 3827 1178 3925 effulget,

104 3932 279 4032 optimum
294 3923 363 4005 erit
378 3954 453 4003 non
468 3929 674 4027 permittere
691 3929 744 4000 eis
758 3926 1066 4000 communionem
1077 3927 1179 4026 plus·

117 4033 210 4104 ‘uam
218 4029 330 4104 semel
343 4032 382 4103 in
392 4025 625 4101 bebdomada
637 4085 644 4108 ,
656 4024 731 4098 imo
748 4026 879 4122 poterit
893 4024 1088 4123 expediens
1100 4043 1179 4103 esse

104 4052 176 4204 iilis
196 4125 399 4228 aliquandb
424 4152 488 4229 per
514 4129 690 4223 integram
711 4122 982 4196 hebdomadam
1005 4126 1182 4200 Commu·

103 4227 246 4313 manem
262 4226 504 4331 interdicere!
514 4240 557 4301 ut
575 4227 753 4326 majorem
766 4223 978 4325 concipiant
990 4223 1180 4306 horrerent
