2942 4717
362 307 446 401 Cup.
461 311 520 393 iil.
537 311 586 379 De
603 310 771 381 ordinibus
783 314 820 390 iu
836 258 953 404 speeie.
1127 305 1190 376 sss

122 434 216 494 certo
233 416 368 505 habeo,
385 421 487 521 quod
504 422 679 496 Sacerdos
695 424 866 498 omittens
883 425 962 496 sine
978 445 1088 495 causa
1102 445 1193 522 quo·

122 517 202 592 ridie
215 518 396 593 celebrare
407 529 571 621 (excepta
585 546 657 594 una
670 521 730 596 die
744 527 781 595 in
795 521 1027 595 hebdomada
1043 535 1194 618 propter

119 622 345 691 reverentiam
360 620 598 712 sacramenti)
618 621 711 693 rixi
736 622 868 694 veniali
893 621 1006 721 culpa
1027 617 1193 692 excusari
1265 614 1270 621 ’

118 719 238 814 possit,
259 743 346 790 cum
361 719 476 816 privet
500 717 621 790 fructu
641 720 818 793 Sacrificii
837 719 1066 804 Ecclesiam,
1083 720 1192 814 cujus

120 829 167 885 est
192 815 375 902 Minister,
401 815 657 916 populumque
676 815 936 901 christianum,
956 823 1064 913 cujus
1082 818 1194 888 estin

122 911 215 987 altari
232 912 462 987 intercessor.
480 917 677 1015 Apostolus
701 918 800 989 enirn
823 918 876 991 sic
898 915 1112 989 Sacerdotes
1131 913 1195 984 in-

122 1008 235 1095 struit3
254 1011 379 1083 Omnis
392 1038 544 1111 namque
561 1011 734 1108 Pontfiru
747 1042 798 1086 cx
812 1012 1012 1087 hominibus
1025 1036 1196 1108 assump-

119 1120 165 1177 tus
172 1134 236 1203 pro
249 1108 448 1183 homz'rrr'bu's
460 1110 721 1184 constriut'turin
737 1112 800 1200 iis,
817 1137 894 1213 quur
907 1114 1052 1184 suntad
1063 1111 1195 1199 Deum,

117 1220 151 1276 ut
161 1209 287 1298 offerat·
298 1210 413 1294 dona,
432 1225 467 1279 et
480 1208 650 1306 socn‘siciu
663 1211 904 1308 propeccatis.
919 1207 1031 1284 Hebr.
1048 1209 1092 1297 5.
1113 1233 1141 1280 r.

159 1306 283 1395 Quaer.
296 1306 377 1378 VII.
389 1332 436 1377 an
450 1305 618 1380 Rubricae
633 1308 787 1383 Missalis
801 1309 875 1382 sint
889 1334 1016 1383 omnes
1032 1330 1191 1405 praecep·
1204 1309 1253 1357 ¹¹⁹

99 1399 209 1495 tiva,
226 1400 285 1475 rel
304 1429 351 1475 on
373 1403 506 1503 aliquae
529 1405 602 1478 sint
621 1406 827 1491 directius,
852 1406 926 1481 sire
947 1406 993 1480 de
1013 1403 1197 1480 consilio?

115 1498 267 1574 Diversae
286 1502 325 1573 iu
341 1503 413 1576 hoe
433 1518 521 1576 suot
536 1506 739 1578 sententiae.
755 1504 830 1578 Nos
847 1508 1037 1606 sequimur
1052 1517 1196 1595 senten·

114 1599 193 1671 tiam
205 1601 360 1692 Quarti,
376 1601 524 1687 Morari,
550 1618 585 1674 et
603 1605 744 1678 Tourn.
763 1606 826 1704 qui
846 1603 996 1692 dicunt,
1015 1602 1195 1675 Rubricas

113 1694 155 1767 de
171 1698 321 1795 agendis
346 1702 440 1772 intrd
466 1701 612 1773 Missam
636 1726 765 1774 omnes
785 1726 863 1773 esse
882 1704 1116 1799 praeceptivae
1133 1754 1142 1782 ,
1159 1714 1197 1773 et

114 1794 271 1893 obligare
285 1802 382 1897 juxtd
398 1801 609 1897 gravitatem
622 1802 804 1888 materiae,
818 1826 905 1873 nam
918 1799 956 1871 iu
969 1797 1077 1871 Bulla
1090 1799 1125 1871 S.
1140 1798 1199 1872 Pii

113 1893 161 1967 sic
177 1896 316 1970 dicitur
330 1925 339 1967 ε
355 1898 519 1969 Districtd
528 1897 791 1996 praecrprentes,
807 1915 847 1970 ut
863 1895 1135 1993 Missamjuaetd
1146 1894 1199 1967 ri·

114 2006 201 2084 tum,
227 1995 394 2084 modum,
413 2011 449 2068 et
465 2020 625 2067 normam
647 1994 683 2067 in
711 1994 861 2068 Massurii
876 1993 1112 2094 praesumptam
1135 1995 1198 2066 de·

29 2118 30 2123 ¹
112 2106 277 2178 cantent,
294 2119 340 2164 uc
356 2094 483 2191 legunt.
500 2093 533 2168 N
535 2106 594 2166 ota
613 2095 691 2183 To,
708 2093 860 2172 drtrn'ctt
875 2093 1115 2189 proripueram
1132 2098 1198 2179 (ιι.

111 2189 212 2359 393.)
226 2189 406 2263 Rubricas
424 2206 547 2264 autem
564 2192 611 2265 de
627 2192 776 2291 agendis
794 2196 895 2266 extri
913 2195 1084 2276 Missam,
1106 2217 1196 2305 pro·

110 2283 153 2358 ba
181 2287 281 2362 iliter
296 2289 426 2362 dicunt
439 2290 564 2389 piures
578 2292 658 2363 DD.
677 2290 818 2388 aliquas
834 2315 911 2363 esse
925 2289 1068 2362 tantirm
1082 2290 1196 2364 direc-

28 2472 29 2481 ,
110 2385 525 2487 tivas3proi1tmanoum
539 2387 680 2462 ablutio
694 2404 778 2487 post
789 2389 949 2474 Missam,
963 2404 1000 2462 et
1011 2388 1195 2462 orationes

111 2485 191 2559 ante
207 2484 269 2559 rel
290 2499 371 2582 post
389 2489 537 2561 Missam
556 2485 678 2577 (Vide
701 2514 741 2559 u.
760 2489 833 2584 409
849 2501 886 2559 et
906 2488 1014 2582 dio.)
1038 2486 1195 2600 Insuper

112 2580 169 2656 hic
192 2584 424 2670 notandum,
447 2580 623 2657 Rubricas
648 2587 858 2685 praesciptas
879 2586 918 2657 in
938 2583 1195 2658 Caeremonrali

110 2679 379 2782 Episcoporum
402 2682 541 2781 ubique
564 2682 750 2782 obligare,
770 2709 857 2756 eum
879 2685 917 2755 in
942 2682 1059 2755 tribus
1079 2683 1196 2757 Boiiis

110 2777 157 2850 ibi
175 2781 353 2880 appositis
373 2779 514 2854 dicutur
529 2810 538 2852 ε
554 2781 802 2854 Caremoniule
814 2781 1014 2880 praedz'ctum
1029 2781 1064 2851 in
1082 2782 1197 2853 omni·
1321 2858 1327 2879 s

110 2875 171 3046 {rs
186 2880 358 2955 Ecclesiis
375 2879 584 2954 serrandum
597 2934 608 2967 ,
622 2879 793 2978 proecpuud
810 2882 847 2954 in
867 2877 1148 2971 Cathedralt'bus,
1161 2895 1200 2953 et

141 2978 203 3048 olle
235 2978 320 3053 utus.

154 3002 279 3168 Qrider.
295 3077 393 3152 vlss.
411 3073 572 3169 Quandd
590 3076 698 3151 Missa
729 3076 804 3152 diei
822 3074 964 3177 possit?
979 3075 1037 3150 Sic
1061 3074 1196 3150 dicitur
1208 3100 1257 3154 nt

110 3170 147 3245 iu
171 3173 332 3249 Robrica
353 3204 362 3245 ε
384 3176 503 3248 Mssa
521 3175 658 3271 pn'rara
679 3176 803 3249 saltim
823 3189 909 3276 post
924 3173 1136 3248 Motutt'num
1163 3190 1199 3248 et

111 3270 275 3360 Laudes,
293 3275 510 3371 qudcumque
521 3272 612 3346 bord
628 3272 673 3344 ab
689 3299 817 3346 aurora
835 3273 944 3374 usque
959 3273 1010 3344 nd
1021 3269 1196 3344 meridiem

111 3370 179 3443 dni
186 3386 318 3468 potest.
338 3370 593 3444 Communiter
613 3387 736 3445 autem
751 3370 879 3445 dicunt
891 3370 967 3447 DD.
984 3371 1095 3444 licere
1111 3373 1198 3447 Mis-

109 3486 185 3541 sam
209 3470 406 3544 terminare
435 3472 473 3541 in
501 3475 657 3555 aurora,
684 3485 721 3544 et
744 3470 849 3544 iiiam
870 3470 1035 3564 incipere
1063 3469 1198 3565 parium

109 3566 191 3641 ante
205 3568 412 3644 meridiem.
428 3568 507 3642 Ιιιιὸ
521 3568 657 3642 Beued.
678 3568 777 3645 xtll.
793 3583 830 3643 et
844 3570 1015 3647 Clemens
1030 3570 1108 3643 XII.
1129 3567 1198 3640 de-

110 3665 320 3758 clardrunt,
347 3669 516 3766 possein
545 3666 617 3742 hoc
645 3667 792 3741 tolerari
817 3667 1052 3743 latitudinem
1079 3668 1196 3740 tertiae

109 3767 221 3860 partis
240 3764 338 3839 horae
353 3824 364 3857 ,
379 3783 461 3839 tum
485 3764 571 3839 ante
594 3792 786 3857 auroram,
802 3782 882 3840 tum
901 3781 984 3866 post
998 3765 1195 3839 meridiem

107 3861 159 3954 (l.
178 3863 204 3937 6
223 3890 262 3936 ιι.
286 3865 352 3958 34ι
379 3890 470 3937 vers.
492 3866 669 3957 Omnes.)
690 3867 867 3940 Praeteret
883 3863 1139 3946 communius,
1161 3878 1200 3940 et

136 3959 337 4037 rubebiiiirs
351 3962 648 4061 dicunt'Sylviu's,
662 3963 877 4038 Castr.Bon.
893 3964 1051 4062 Roncsg.
1064 4017 1073 4047 ,
1086 3963 1198 4050 Viva,

106 3985 219 4132 datm.
235 4077 305 4135 etc.
321 4062 424 4162 quod
438 4060 628 4134 celebrans
641 4087 717 4136 non
730 4076 859 4163 peccet
877 4061 1102 4149 mortaliter,
1122 4065 1199 4142 nisi

107 4153 261 4261 incipiat
276 4162 425 4241 Missam
436 4160 582 4263 integri
596 4161 690 4238 hort
708 4160 796 4241 auti
816 4186 987 4241 auroram
999 4215 1013 4266 2
1027 4157 1084 4238 rel
1100 4158 1194 4257 hort
