2942 4717
292 228 438 324 capitul.
452 231 511 306 Vl.
528 232 703 323 Quomodt
719 256 794 303 cum
807 233 1049 304 Punitentibns.
1172 230 1235 322 ⁸7.

132 335 172 409 'ob
191 343 383 440 quamdam
414 344 708 419 circumstantium
723 350 738 436 (
753 345 844 419 dum
865 371 941 420 uon
964 362 1019 421 eat
1045 337 1227 443 obligatio.

49 505 50 528 p
135 439 386 515 manifestandi
415 442 630 544 qualitatem
656 445 705 515 im
735 444 912 518 edimenti
931 445 977 539 )‚
1009 467 1220 517 renovemus⁴

48 547 50 588 ;
135 554 353 614 consensum.
365 546 442 615 Aut
456 571 465 614 :
479 542 628 643 Quando
641 558 676 613 te
690 471 794 628 luni,
805 568 878 615 non
887 542 1122 616 habnt‘verum
1134 566 1219 614 con·

47 641 56 718 ῗ,
135 641 300 734 sensum(
318 665 405 712 nam
429 666 632 715 consensus
651 640 804 727 nuilus,
829 668 905 715 non
926 653 980 714 est
1004 665 1110 714 verus
1128 664 1218 712 con·

46 727 47 788 ἶ
132 754 254 806 sensus
267 737 295 828 ).
314 738 414 814 Aut:
430 739 509 838 Ego
523 738 664 811 dubtnm
683 737 798 813 habeo
814 739 858 810 de
877 740 991 812 valore
1008 737 1218 811 nostriMa·

136 828 304 922 mmonri,
319 838 412 908 unde
425 837 547 912 rictum
556 836 827 929 contrahamus.
841 839 937 930 Quia
953 847 1043 912 tunc
1063 861 1220 909 consen·

137 951 209 1015 sus,
225 927 292 1031 qui
311 948 527 1033 prestatur,
547 939 658 1035 iamt
680 934 796 1036 priori
822 960 898 1009 non
925 934 1122 1035 dependet.
1142 935 1224 1008 Ve-

138 1024 234 1114 tim,
260 1031 415 1132 quandin
439 1033 604 1132 prudens
627 1035 739 1109 timot·
764 1048 887 1125 esset,
913 1035 1016 1135 quod
1046 1032 1219 1134 praeiatos

132 1126 255 1201 modos
273 1130 487 1206 adhibendo
511 1134 698 1233 patefieret
720 1133 884 1232 crimen,
906 1149 943 1208 et
967 1130 1133 1231 pericula
1161 1133 1222 1230 in·

129 1236 267 1300 starent
287 1230 468 1323 rixarum,
486 1231 667 1322 infamiae,
688 1246 752 1306 aut
767 1229 954 1323 scandaii;
975 1246 1012 1306 et
1038 1232 1220 1305 viceversa

129 1321 273 1421 Coniux
288 1326 549 1425 impedimenti
569 1330 740 1407 conscius
764 1357 840 1405 non
866 1347 989 1432 posset
1012 1329 1221 1405 excusarit

127 1415 252 1495 debito
274 1426 493 1520 reddendo,
512 1443 621 1520 tune,
642 1428 792 1503 obtenti
817 1436 891 1530 jam
913 1430 1192 1527 Dispensatione
1207 1484 1222 1515 ,

126 1520 273 1606 sufficit.
284 1523 387 1626 quod
398 1528 476 1621 ipse
487 1542 611 1602 utatur
623 1526 749 1627 aliquo
763 1554 807 1602 ex
820 1528 941 1605 modis
952 1532 1063 1626 supet
1075 1524 1221 1620 relatis;

127 1620 314 1723 etiamque
336 1624 472 1701 sufficit
497 1626 600 1726 quod
621 1627 699 1725 ipse
719 1626 818 1701 solus
839 1652 1062 1702 consensum
1087 1640 1223 1726 ponat,

124 1735 214 1790 eum
228 1720 355 1818 'possit
368 1723 409 1796 in
432 1724 496 1799 tali
517 1726 734 1799 necessitate
749 1726 1111 1825 sequi'sen'tentiam,
1136 1749 1222 1822 quae

126 1814 251 1907 docet,
263 1818 544 1923 beneconjungi
558 1815 606 1897 ad
615 1824 893 1898 Mattimoniurn
908 1822 1223 1899 convalidaudum

125 1940 354 1993 eonsensum
370 1946 480 1995 suum
503 1946 593 1996 cum
611 1947 794 1997 consensu
815 1922 862 1997 ab
885 1923 991 1998 initio
1017 1920 1178 2022 prestito
1199 1925 1228 1995 tr

125 2029 237 2113 parte
246 2016 439 2117 ignorante
453 2075 462 2105 ‚
477 2022 542 2122 qui
562 2047 629 2121 per
647 2021 966 2096 continuationem
983 2019 1071 2095 ustis
1092 2019 1228 2096 Matri·-

126 2109 1230 2222 monii,autcuhabrtatronrsvirtualiterperseverattibicine

177 2210 238 2297 86,
252 2213 289 2287 Si
303 2233 427 2292 autem
443 2218 632 2300 Poeuitens
650 2218 803 2294 haberet
820 2217 1224 2317 impedimentumim«

28 2365 29 2406 3
129 2310 284 2482 tedicus
297 2371 308 2405 ,
322 2316 464 2392 scilicet
482 2320 501 2390 a
517 2344 593 2392 non
610 2318 770 2416 petendo
785 2317 933 2409 debito,
952 2320 1060 2392 canet
1078 2315 1227 2416 copule}

28 2445 29 2450 ¹
159 2409 268 2486 abite
283 2440 371 2489 cum
388 2440 526 2491 consan
554 2419 662 2490 uinea
676 2419 714 2490 in
729 2416 895 2492 secundo
913 2416 1029 2515 gradu
1044 2441 1121 2488 suae
1136 2440 1225 2488 uxo·

129 2507 180 2581 ris
195 2565 204 2597 ,
221 2509 283 2586 hic
299 2516 318 2584 a
333 2513 397 2588 tali
408 2443 675 2617 impedimento
689 2513 781 2590 solvi
796 2514 926 2605 debet,
938 2514 1001 2590 ret
1012 2518 1031 2588 i
1044 2515 1083 2588 S.
1102 2513 1226 2588 Poeni·

128 2609 298 2684 tentiaria
310 2667 321 2703 ‚
333 2612 392 2687 vel
413 2612 460 2688 ab
474 2616 684 2716 Episcopo,
703 2629 767 2688 aut
785 2613 973 2713 abaliquo
991 2610 1224 2688 confessario

131 2703 304 2803 Regulari
319 2767 330 2800 ‚
347 2715 412 2815 qui
433 2712 647 2790 facultatem
663 2712 828 2788 habent
843 2712 997 2788 Praeiato
1011 2711 1068 2784 sui
1084 2713 1229 2788 Monam

131 2806 217 2878 terii
233 2808 248 2905 (
258 2807 293 2882 N
296 2838 371 2885 um.
394 2812 498 2912 1076.
515 2839 548 2887 v.
565 2812 738 2913 Insuper.
755 2812 772 2908 )
787 2811 863 2886 sort
875 2811 1101 2886 siPoenitens
1118 2810 1227 2907 igno-

130 2919 229 2978 raret
245 2905 366 3009 legem
377 2912 697 2999 Ecclesiasticam,
711 2936 796 3011 quse
809 2909 1088 2985 ultraDiuinam
1100 2907 1227 3006 hujus·

127 3003 235 3078 modi
251 3005 434 3084 incestum
454 3010 650 3109 prohibet,
673 3024 765 3084 tunc
785 3031 869 3083 non
883 3008 1041 3082 iucunrit
1064 3006 1228 3104 impedi·

131 3116 301 3180 mentum
320 3107 430 3189 (Lib.
454 3110 492 3184 6.
518 3135 557 3185 n.
589 3105 1087 3207 1072.).Quinimoetiamsi
1107 3106 1229 3202 legem

132 3198 268 3295 sciret,
284 3205 351 3281 sed
370 3205 481 3282 talem
494 3209 678 3308 ignoraret
694 3232 845 3307 prauam
861 3261 872 3297 ,
891 3204 1002 3280 eriam
1021 3219 1078 3278 est
1091 3203 1230 3375 proba·

134 3295 209 3372 bite
226 3353 237 3387 ,
254 3304 355 3420 quod
372 3329 452 3390 eam
468 3331 545 3379 non
566 3306 761 3399 incurrat(
779 3304 892 3379 Num.
918 3305 1019 3402 ¹⁰74·
1039 3307 1067 3395 ).
1115 3300 1231 3376 altem

137 3397 167 3470 si
193 3403 403 3494 periculum
428 3417 526 3479 extet
556 3402 860 3491 incontinentioe‚
877 3400 1146 3504 relinquendus
1172 3413 1231 3475 est

140 3496 330 3576 Poen'itena
345 3500 385 3576 in
403 3529 469 3575 sua
489 3501 587 3576 bona
610 3501 696 3576 fide.

182 3596 244 3696 87.
270 3600 450 3675 Notemns
474 3598 537 3676 bic
564 3600 762 3678 Formulas
787 3599 835 3675 ad
864 3597 1116 3674 obtinendum.
1140 3598 1164 3667 n
1186 3597 1227 3672 S.

134 3693 409 3774 Ptenitentiaria
420 3701 746 3802 Dispensationem
758 3700 797 3772 in
814 3698 976 3801 prefatis
986 3695 1231 3799 impedimen·

137 3795 197 3878 tis,
218 3819 366 3872 necnon
384 3802 481 3875 votis
498 3855 509 3891 ,
528 3815 593 3874 aut
605 3795 950 3915 irregularitatibue.
1199 3795 1205 3802 ’

186 3895 295 3970 eirca
309 3897 575 3996 impedimenta
588 3895 837 3981 Matrrmonii.
853 3891 1228 3992 intussiescribaturf·

135 3993 430 4069 Emr'nentrssr'me
445 4011 481 4069 er
490 3993 798 4069 Remendissime
814 3991 983 4067 Domine.

183 4092 237 4180 tt,
253 4092 306 4170 N.
320 4093 423 4194 nem-
435 4092 560 4192 hcbut't
582 4096 664 4191 curn
685 4091 843 4197 quadarn
866 4089 1009 4167 nubere
1022 4147 1034 4186 ‚
1047 4104 1084 4169 et
1101 4091 1233 4194 posted
