2942 4717
192 206 196 215 ‘
261 194 327 264 284
597 198 741 267 Examen
761 197 1037 271 ordinandorum.

268 322 354 406 post
367 306 579 399 meridiem53
594 309 682 382 alias
700 302 843 384 tantbm
857 306 997 383 'veniale'
1012 307 1224 395 committit,
1239 311 1333 410 lquo
1435 393 1436 396 Ἴ

165 473 168 478 .
267 422 417 480 excusat
444 408 581 505 quaevis
607 435 715 482 causa
746 408 1003 497 rationabilis;
1023 406 1099 481 imb
1128 410 1231 482 cansa
1259 436 1340 506 gram
1433 490 1434 499 χ

266 506 346 577 vior
376 505 486 602 proiit
514 518 607 579 esset
630 506 744 580 dandi
768 508 981 592 Viaticum,
1008 521 1072 579 ant
1085 506 1334 596 solemnitatis,
1433 504 1434 597 l

267 603 431 693 itineris,
457 603 514 676 vel
550 606 713 692 funeris,
742 604 896 679 omnini)
919 620 1094 689 excusat,
1127 606 1262 678 etilmsi
1277 605 1337 679 .dt-.
1432 608 1434 661 l

267 697 356 774 latio
377 702 424 774 sit
452 729 519 802 per
543 704 722 799 integram
745 703 874 777 boram
903 703 985 801 (ib.
1006 727 1047 777 ιι.
1073 704 1145 797 343
1166 703 1212 774 ad
1229 704 1340 797 346.)

266 799 473 875 Ministrare
490 818 612 874 autem
630 803 931 876 communionem
947 800 1090 875 licitum
1103 816 1162 897 ,est
1175 801 1285 900 usque
1297 802 1343 874 ad»

169 922 172 928 ·
266 897 450 997 Vesperas
475 899 656 975 exclusive
686 930 695 971 ε
732 902 899 974 eteniam
922 903 961 974 in
983 900 1184 998 vesperis,
1204 901 1234 973 si
1255 899 1338 972 adsit

268 996 391 1097 aliqua
403 999 572 1098 specialis
586 1026 715 1082 cansa,
728 997 842 1073 modd
854 1024 931 1072 non
944 1000 989 1073 sit
1001 1001 1218 1098 intempestd
1231 1012 1338 1090 nocte,
1436 1066 1437 1071 ,

235 1174 238 1183 ,
267 1092 493 1171 idestmulto
504 1098 621 1171 noctis
636 1112 804 1195 tempore
816 1098 972 1171 decurso
982 1097 1037 1191 (n.
1050 1097 1152 1193 259.)
1162 1095 1346 1171 Celebrate

269 1208 392 1267 autem
405 1195 488 1270 ante
499 1195 722 1271 Matutiuum
735 1196 923 1268 etLaudes
934 1251 943 1290 ,
955 1194 1016 1267 alii
1031 1195 1163 1279 dicunt
1177 1220 1251 1268 esse
1260 1220 1350 1265 mor-t

228 1308 235 1337 ··
266 1291 342 1366 tale
358 1349 367 1377 ,
387 1294 449 1367 alii
464 1295 611 1368 nullum
625 1308 838 1395 peecatum,
856 1295 919 1367 alii
933 1307 1056 1366 outem'
1070 1293 1239 1366 veniisset
1253 1317 1344 1375 com·

231 1428 234 1431 ¹
268 1390 437 1483 munitis,
462 1392 502 1465 bt
522 1395 628 1466 Suae.
649 1394 781 1480 Sotus,
806 1390 1067 1491 Sylv.'1'ourn.
1091 1390 1351 1465 Bellacm..etc.·

268 1490 431 1588 (quibus
448 1493 599 1565 assentit
616 1493 727 1565 etiam
743 1491 883 1564 Bened.
899 1492 998 1565 XIV.
1013 1489 1062 1564 tle
1079 1491 1178 1563 Secr.
1199 1490 1308 1562 Missae
1319 1486 1346 1564 l.

269 1588 291 1659 3
321 1615 354 1663 e.
387 1591 455 1683 ml)
477 1593 610 1688 ajunt,
634 1616 710 1663 non
734 1616 812 1662 esse
834 1589 1010 1678 mortale,
1033 1591 1126 1688 quie.
1139 1587 1222 1660 talis
1241 1586 1352 1687 gravis

271 1685 447 1783 obligatio
474 1687 596 1787 nequit
616 1688 834 1787 exprimitur
851 1689 896 1762 in.
908 1686 1065 1763 Rubrius
1082 1743 1091 1776 ,
1111 1686 1236 1787 nequit
1257 1711 1351 1761 nom·⁸

270 1788 433 1861 munitet
448 1803 503 1860 est
519 1796 665 1886 recepta
685 1785 727 1859 bt
752 1790 887 1885 gravis3
905 1788 970 1859 sed
989 1813 1066 1859 non
1084 1785 1250 1868 excusari
1269 1808 1347 1860 ten·

269 1884 370 1957 tiuut
388 1889 407 1956 a
426 1886 580 1976 veniali,
598 1910 686 1958 cum
702 1884 743 1957 id
754 1888 793 1958 in
811 1884 968 1977 Robrica
988 1883 1178 1982 jam'inter
1197 1883 1347 1958 defectus

271 1987 488 2056 numeretur
506 1982 560 2080 (l.
579 1981 657 2054 611.
681 1983 790 2080 347.)
811 1983 958 2059 Missam
979 1999 1103 2058 autem
1120 1986 1376 2082 Conventuap

270 2079 346 2153 lem
364 2081 486 2155 dicere
506 2080 588 2154 ante
608 2084 829 2155 Matutinum
854 2096 890 2153 et
904 2082 1048 2156 Laudes
1072 2107 1148 2156 non
1165 2093 1348 2156 excusatur

272 2183 292 2251 ὲ
310 2180 478 2267 mortali,
500 2179 540 2250 bt
559 2181 807 2253 communiter
823 2179 959 2254 docent
976 2180 1054 2275 DD.
1074 2195 1204 2255 contra
1223 2176 1347 2252 Saucb.

272 2279 338 2372 (n.
367 2278 479 2374 348.)
496 2276 693 2351 Celebrare
719 2279 758 2348 in
788 2280 902 2351 Coena
929 2278 1109 2365 Domini,
1135 2293 1174 2353 et
1202 2275 1350 2351 Sabbata

273 2392 402 2448 sancto
427 2373 640 2475 (quidquid
658 2374 720 2446 alii
736 2375 887 2472 dicant)
905 2374 1011 2449 nullo
1025 2375 1135 2449 modo
1157 2377 1269 2462 linet,¹
1289 2384 1365 2447 nee

275 2478 384 2548 etiem
397 2477 591 2573 privatim,
613 2473 654 2546 bt
668 2489 826 2571 patetex
838 2477 949 2549 Dece.
962 2474 1166 2550 Clementis
1178 2476 1243 2549 XI.
1259 2469 1351 2588 quod

273 2573 431 2648 retertur
446 2578 460 2664 (
474 2572 498 2644 l.
519 2572 557 2646 6.
579 2598 618 2644 n.
642 2574 738 2666 350)
759 2574 935 2673 quodque
953 2574 1214 2663 confirmatum
1230 2572 1297 2645 fun
1310 2568 1351 2642 ab

172 2686 174 2689 ’
272 2670 404 2755 Innoc.
419 2671 517 2745 XIII.
531 2670 632 2763 apud
650 2672 774 2764 Metal.
789 2673 828 2743 in
846 2671 973 2745 Iudice
984 2672 1172 2746 Deoretor.
1188 2698 1228 2746 u.
1242 2671 1321 2747 50-1.

220 2780 267 2849 ut
325 2773 449 2864 Quaen.
461 2770 525 2843 IX.
545 2768 620 2842 Ubi
637 2768 745 2842 liceat
758 2770 905 2842 Missam
917 2768 1127 2844 celebrare?
1145 2767 1352 2869 Responde·

275 2882 358 2955 tur,
374 2868 414 2940 in
427 2868 606 2941 oratoriis
617 2865 857 2968 ubEpiscopo
872 2867 1098 2955 benedictis,
1115 2883 1152 2942 et
1168 2867 1352 2964 designatis

277 2966 324 3038 ab
341 2993 429 3039 usus
448 2991 588 3051 sacros,
604 2964 679 3038 site
701 2968 741 3038 in
756 2967 984 3053 Seminariis,
1003 2967 1302 3051 Conservatoriis,
1322 2975 1353 3035 et

261 3063 531 3160 ‘Hospitalibus
556 3118 566 3150 ,
589 3078 626 3137 et
645 3065 754 3138 etiam
777 3064 820 3152 in
840 3064 1014 3158 domibus
1053 3066 1236 3163 nivalis(
1254 3060 1354 3137 modd

246 3260 248 3264 Α
277 3165 489 3237 Oratorium
516 3161 650 3235 babeat
674 3169 823 3260 januam
847 3165 885 3236 in
908 3164 966 3237 via
993 3092 1192 3263 publica);
1212 3166 1298 3237 item
1320 3162 1354 3232 iu¹

277 3263 452 3335 Oratoriis
469 3260 759 3359 Religiosorum,
777 3286 846 3336 nec
867 3284 942 3336 non
956 3263 995 3334 in
1014 3264 1144 3336 erectis
1164 3266 1205 3335 in
1219 3258 1355 3363 palatiis

276 3363 577 3461 Episcoporum,
607 3364 735 3443 omnes
757 3377 911 3458 possunt
936 3359 1146 3452 celebrare,
1174 3374 1213 3434 et
1238 3356 1355 3458 quovis

277 3476 468 3560 tempore,
497 3458 607 3532 etilm
633 3457 734 3530 festis
760 3457 1013 3549 solemnibus,
1037 3460 1122 3557 quia
1149 3452 1359 3558 hujusmodi·

279 3559 437 3631 oratoria
456 3570 545 3630 sunt
557 3581 647 3629 verae
661 3554 850 3630 Ecclesiae.
864 3558 906 3633 ln
921 3559 1099 3632 Omtoriis
1113 3573 1236 3633 autem
1252 3556 1356 3656 priva·

279 3658 343 3744 tis,
359 3661 398 3729 in
414 3653 550 3757 quibus
563 3653 706 3727 tantbm
720 3681 764 3728 ex
777 3654 964 3755 privilegio
980 3656 1173 3738 Pontificio
1186 3651 1355 3730 celebrari

281 3769 402 3855 potest
418 3811 428 3845 ,
446 3752 624 3826 nonlicet
640 3778 787 3826 sacrum
803 3753 923 3828 facere
937 3753 1068 3827 diebus
1080 3756 1120 3828 iu
1138 3755 1290 3828 indulto
1301 3775 1356 3825 ex·

282 3854 420 3954 ceptis,
436 3853 578 3926 scilieet
596 3851 803 3934 Pasebetis,
820 3854 924 3926 Pent.
937 3853 1020 3945 Nat,
1036 3853 1174 3952 Epipb.
1189 3854 1356 3926 Annuus.

284 3948 437 4033 Ascens.
454 3954 627 4064 Assump.
650 3952 694 4023 Β.
714 3950 764 4022 V.
783 3950 842 4023 SS.
862 3954 942 4025 Pet.
959 3960 1000 4026 et
1011 3952 1118 4024 Paul.
1142 3966 1178 4025 et
1199 3950 1356 4024 omnium

285 4053 345 4124 SS.
362 4051 440 4126 Nec
457 4062 578 4151 potest
594 4074 633 4121 ιιι
648 4047 699 4120 eis
718 4048 918 4137 celebrari,
937 4051 1009 4122 nisi
1026 4050 1169 4124 intersit
1187 4049 1306 4147 aliqua
1321 4060 1357 4116 ex

256 4221 259 4224 ,
286 4173 453 4250 personis
470 4205 482 4254 ἔ
497 4147 636 4248 quibus
649 4147 789 4226 directe
805 4175 1023 4247 concessum
1036 4165 1091 4228 est
1103 4148 1313 4239 indultum,
1328 4141 1362 4216 itt

1436 4282 1437 4341 l

1431 4598 1437 4696 ,
