2942 4717
166 270 168 275 ,
394 195 417 283 5
431 193 489 264 W.
506 189 605 261 Circi*
615 187 739 262 iudicis
754 189 918 263 Officium.
1159 195 1202 263 25

85 404 90 409 1
133 327 175 377 on
192 327 254 404 pro
281 304 439 395 venisli3
463 305 502 379 hi
532 307 632 379 enirn
660 304 849 379 multoties
884 301 1131 407 respondent,
1159 318 1202 378 ut

134 428 224 476 casus
237 401 306 477 sibi
331 402 441 478 verba
458 408 640 503 suggerit;
659 420 695 478 et
717 403 790 478 hoc
805 405 1029 502 experientia
1045 418 1202 480 testatur

134 502 252 598 (utego
264 501 398 577 millies
413 502 632 597 observavi).
650 502 762 596 Quod
779 505 809 577 si
825 503 1076 578 contenarius
1089 500 1202 605 paulu

131 600 339 699 portiterirm
352 604 574 699 interroget,
594 602 821 702 respondent
834 602 946 677 modo
960 617 1037 677 toto
1049 608 1068 676 a
1082 603 1204 703 primo

130 698 628 774 diverso·lV.Adrertendum
639 703 737 775 circa
746 726 943 775 numerum
956 717 1203 803 peccatorum,

134 821 272 896 quornm
290 825 404 899 provo
417 798 543 872 habitu
559 799 673 899 aliqui
686 815 879 884 tenentur,
895 826 982 873 cnm
998 826 1072 873 non
1091 802 1204 899 possit

135 893 237 969 heberi
264 923 447 972 numerus
470 895 620 987 certus,
651 914 755 972 curet
782 898 1035 973 Confessarins
1064 912 1202 974 statum

134 995 332 1092 penitentis
352 1022 598 1094 cognoscere,
621 997 757 1096 nempd
773 995 919 1071 risendi
936 996 1111 1084 modum,
1133 1024 1204 1098 ep·

128 1090 374 1190 plicatinnem,
392 1122 505 1197 quam
519 1096 706 1197 impendit
723 1095 770 1169 ad
786 1097 856 1171 alia
873 1098 1035 1196 negotia,
1054 1112 1203 1220 tempus

127 1194 392 1268 consuetudinis
406 1219 493 1268 oum
510 1194 713 1293 complice,
727 1193 873 1283 locum,
891 1196 955 1271 ubi
969 1197 1205 1295 potissimum

125 1304 279 1365 moratus
301 1308 380 1386 eet3
406 1308 443 1368 et
460 1292 595 1369 deinde
612 1293 812 1394 interroget
826 1294 871 1368 dc
892 1321 1069 1384 numero,
1087 1297 1204 1369 iuter,-

122 1390 279 1486 rogoudo
307 1393 573 1492 poenitentem,
603 1394 748 1492 quoties
773 1394 917 1469 circiter
943 1396 1149 1497 peccaverit
1162 1394 1203 1468 in

123 1483 203 1574 die,
232 1502 301 1564 aut
329 1491 369 1563 in
397 1489 655 1582 hebdomada,
684 1506 748 1565 aut
768 1491 922 1566 mense?
942 1517 1153 1592 proponens
1168 1492 1205 1567 ei

121 1584 240 1680 plures
259 1614 453 1679 numeros,
472 1616 530 1664 er.
547 1616 600 1689 gr.
620 1603 675 1665 ter
689 1603 753 1664 aut
767 1604 920 1713 gunter,
939 1593 1051 1666 octies
1068 1590 1125 1665 vel
1140 1590 1205 1665 de-

121 1683 210 1771 cies,
228 1701 272 1760 nt
290 1687 428 1778 rideat,
448 1689 507 1762 cui
527 1713 684 1762 numero
702 1690 825 1789 potius
844 1688 908 1766 ille
930 1688 1116 1763 adhereat
1128 1687 1143 1760 i
1156 1690 1206 1763 Et

119 1781 148 1852 si
167 1786 352 1881 poenitens
371 1813 527 1862 nurnero
551 1787 683 1886 majori
704 1787 891 1878 adhorret,
910 1793 1091 1888 optimum
1106 1787 1205 1862 lactu

117 1881 205 1968 erit,
220 1886 251 1958 si
268 1885 403 1960 iterium
420 1888 666 1986 interrogetur
679 1884 726 1960 de
738 1912 898 1985 ,numero
914 1888 1058 1985 mojori.
1077 1883 1150 1962 Sed
1165 1888 1206 1960 in

120 1977 187 2054 hoc
202 1980 456 2060 confessarius
474 1983 637 2060 advertat
653 2041 662 2070 ,
679 2010 727 2059 ue
749 1984 884 2061 lormet
902 1985 949 2060 de
966 2011 1121 2060 numero
1141 1988 1205 2084 ju·

121 2076 255 2157 dicium
276 2097 447 2176 certum;
471 2095 575 2158 notet
600 2084 846 2184 frequentium
866 2087 905 2159 in
925 2110 1080 2185 genere,
1107 2099 1145 2159 et
1163 2085 1204 2158 iu

118 2179 595 2280 confusojudiciumlaciat,
608 2182 925 2284 apprehendendo
981 2197 1205 2284 ccataquot·

119 2292 207 2374 quot
227 2294 318 2355 sunt
335 2306 460 2358 coram
477 2283 568 2357 Deo.
587 2282 718 2381 Aliqui
733 2283 912 2357 Doctores
955 2287 1081 2372 inunt,
1100 2281 1206 2383 quod

118 2376 211 2451 circa
232 2394 384 2478 peccata
398 2382 542 2455 interna
559 2379 835 2455 habituatorum
854 2435 864 2467 ,
889 2396 932 2456 ut
949 2396 1036 2456 sunt
1055 2395 1205 2482 peccata

118 2472 213 2562 odii,
235 2476 525 2554 delectationum
540 2505 734 2581 pravarum
751 2534 760 2564 ‚
777 2494 813 2553 et
826 2478 1112 2566 desideriorum,
1128 2478 1205 2553 sul·

119 2574 213 2649 liciat
230 2578 453 2693 plerumque
475 2581 701 2677 interrogare
725 2576 773 2650 de
799 2593 966 2679 ternpore
982 2621 998 2660 .·
1017 2602 1084 2675 per
1100 2575 1205 2676 quod

118 2670 261 2750 durant
276 2675 396 2750 malus
412 2676 582 2763 hebitusr
601 2676 667 2752 sed
683 2675 756 2750 hoc
768 2676 861 2750 mihi
878 2674 1034 2751 omnino
1049 2700 1124 2749 non
1142 2701 1205 2748 so·

119 2770 274 2868 tisinoit,
300 2776 386 2874 quia
414 2790 534 2875 potest
557 2801 659 2864 esse,
678 2774 782 2876 quod
798 2774 932 2875 aliquio
945 2776 1060 2875 magis
1079 2774 1127 2848 sit
1141 2775 1206 2847 in·

108 2881 240 2948 tentus
257 2871 305 2947 ad
313 2888 462 2949 externa
476 2877 640 2973 negotia,
658 2890 721 2948 out
738 2891 913 2962 moretur,
930 2873 993 2948 ulti
1006 2875 1058 2948 sic
1074 2897 1207 2948 occur·

118 2984 199 3043 rent
226 2974 418 3071 pauciores
453 2975 665 3049 occasiones
693 2973 955 3071 cogitationum
985 2995 1205 3072 pravarum

118 3066 208 3144 alius
227 3071 296 3145 erit
311 3072 425 3171 magis
442 3072 512 3146 alit
533 3074 646 3147 animi
664 3075 831 3174 passione
849 3072 1027 3147 allectus:
1043 3070 1207 3172 ideoque

118 3190 210 3267 opus
233 3184 288 3244 est
305 3172 605 3271 interrogationes
629 3170 816 3272 generales
832 3169 1029 3254 adhibere,
1047 3170 1095 3246 de
1116 3195 1207 3269 pro-

120 3270 194 3366 pria
210 3268 476 3370 applicatione,
490 3270 537 3344 de
551 3270 654 3356 loco,
670 3269 717 3345 de
730 3271 844 3344 animi
857 3269 1118 3356 inclinatione,
1131 3283 1206 3343 etc.

120 3381 158 3437 ut
186 3366 321 3442 lorruet
345 3366 527 3470 judicium
554 3369 726 3470 majoris,
746 3367 804 3443 rel
822 3370 975 3442 minoris
990 3368 1206 3470 frequentin

122 3478 270 3542 actuum
284 3467 718 3543 internorum.Coeterism
734 3482 817 3566 post
833 3466 924 3541 duas
939 3465 1079 3540 veltres
1095 3468 1208 3541 inter·

120 3564 345 3661 rogationes,
363 3593 440 3640 non
459 3565 569 3640 debet
585 3568 667 3665 angi
692 3565 970 3652 confessarius,
988 3567 1019 3638 si
1042 3566 1077 3639 ei
1102 3563 1206 3662 jndi-

120 3664 239 3753 cium,
259 3663 361 3763 quod
375 3665 459 3740 lucit
477 3721 487 3756 ,
507 3664 743 3740 videturesse
759 3665 869 3739 nimis
881 3663 1079 3739 confusum
1093 3688 1102 3746 3
1118 3687 1207 3737 nam

120 3783 162 3832 ex
188 3763 421 3838 conscientiis
447 3762 647 3866 implicetis
678 3779 716 3839 et
746 3763 909 3838 confusis
933 3761 1121 3836 moraliter
1136 3762 1207 3836 im·

120 3859 294 3958 possibile
309 3878 382 3948 est,
398 3868 577 3963 majorem
592 3861 795 3937 claritatem
811 3888 827 3935 s
857 3887 971 3936 erare.
986 3861 1033 3936 V.
1050 3862 1208 3970 Oportet
1332 3909 1342 3947 ,·
1437 3861 1439 3916 i

123 3957 432 4051 animadvertere,
466 3962 592 4061 quod,
620 3961 708 4036 licet
739 3889 993 4035 Conddssiones
1021 3962 1207 4058 generales
1436 4010 1437 4019 κ

120 4056 194 4136 sint
211 4059 414 4140 utilissime
422 4116 435 4169 2
453 4059 698 4140 nihilominirs
712 4085 790 4138 non
805 4058 939 4139 debeat
953 4060 1207 4139 Confessariue
