2942 4717
359 264 376 295 ³
394 269 451 348 tu
467 260 918 377 spernendumne.
971 266 1027 307 '³'
1091 271 1093 277 ·
1154 272 1223 368 437

25 406 26 433 1
137 375 223 447 risit
232 378 392 462 Hesiona,
402 387 553 474 Magister
561 405 671 457 etc-ut
681 391 846 480 respondit
862 395 894 456 S.
914 395 949 456 c.
964 391 997 455 in
1013 392 1077 455 una
1094 384 1223 473 Segun-

140 465 209 531 tins
227 491 334 538 mense
350 471 499 541 Octobris
518 473 613 564 1589.
630 476 720 542 Sicirt
737 499 796 547 nec
814 479 936 542 institui
952 493 1056 566 potest
1076 476 1109 551 in
1129 472 1223 538 bonis

138 551 333 643 mobilibus,
356 574 388 625 et
404 581 436 626 se
452 560 676 640 moventibus,
696 578 733 629 ut
754 565 919 655 respoudit
935 565 969 631 S.
989 567 1023 628 C.
1048 566 1145 626 Cone.
1169 559 1223 646 die

139 655 183 724 29
196 638 282 707 Nov.
303 644 397 730 1670.
414 647 493 712 lust.
514 646 659 715 Ecclrnb
673 670 708 714 n.
725 671 758 737 7.
1185 652 1188 659 '
1223 678 1226 685 ’

142 750 146 757 =
182 720 413 796 Patrimonium
423 732 631 800 admissurum
640 754 671 800 se
683 735 852 825 'profitetur
866 732 1030 801 benedict.
1045 729 1134 799 xlv.
1145 730 1223 794 dum
1292 762 1295 767 ·

137 825 206 874 eret
223 817 349 879 nutum-
361 816 478 885 Archie
503 820 627 909 isoopus
641 821 870 896 Bononiensis,
886 823 920 887 iu
934 817 1117 911 Capeliania
1131 838 1224 880 amo-

138 892 251 984 sibili,
277 899 451 969 dummodd
470 841 623 972 Patronus
641 905 808 994 obligusset
825 907 920 972 fidem
944 929 1035 973 suam·
1049 905 1224 991 numqubm

138 975 181 1042 ab
198 983 346 1052 ordinato
369 991 555 1058 removendi
581 989 669 1069 illam
691 990 924 1081 capellaniam,
987 990 1147 1081 oadusque
1170 985 1225 1052 illc

134 1064 288 1163 uixisset,
316 1071 369 1139 vel
393 1077 599 1168 quoadusque
624 1079 821 1144 ordinandus
841 1102 906 1144 non
935 1071 1225 1143 otinuisset‘aliud

137 1153 209 1245 sive
234 1155 427 1226 beneficium
468 1162 536 1229 sive
558 1163 806 1250 Patrimonium,
830 1181 862 1230 et
884 1164 969 1239 idem
993 1164 1148 1229 Patronus
1172 1155 1225 1243 uel
1311 1178 1314 1185 ²

139 1233 267 1335 alius-se
279 1246 399 1344 pariter
416 1209 634 1316 obstrinxisset
649 1250 691 1317 ad
708 1249 858 1327 alimenta
883 1251 1030 1315 ordinato
1048 1244 1235 1337 praestanda.

37 1410 41 1415 Ι
138 1324 519 1420 srfortermpedireturb
536 1334 748 1405 celebratione
761 1336 876 1403 Missae.
895 1335 974 1401 ibid.
988 1357 1023 1399 n.
1046 1356 1096 1398 ιι.
1224 1352 1227 1357 ·

183 1414 263 1478 Item
273 1416 400 1485 admisit
409 1421 444 1487 in
454 1420 598 1487 censibus
605 1422 976 1513 perpetuis,dummodb
986 1419 1144 1489 debitores
1154 1439 1224 1482 cen-

138 1494 213 1582 siis,
229 1501 257 1565 si
272 1499 447 1572 voluisseut
463 1504 556 1572 illum
571 1509 756 1592 restituere,
774 1506 964 1594 ohligbssent
981 1529 1046 1572 seso
1061 1505 1102 1570 ud
1118 1504 1228 1591 depo-⁴

140 1583 282 1651 neudum
321 1593 466 1656 sconiam
476 1593 510 1658 in
522 1591 594 1660 loco
604 1609 673 1660 tuto
683 1642 693 1685 ,
705 1595 751 1659 ‘ad
766 1593 850 1680 hoo,
868 1610 904 1659 ut
919 1595 953 1658 in
963 1593 1056 1658 novis
1065 1588 1226 1669 censibus,

139 1666 198 1735 uel
205 1610 378 1742 stabilibus
387 1678 638 1768 impenderetur.
649 1679 887 1758 ib.n.ro.Tuno
897 1694 1001 1744 autem
1015 1697 1097 1741 curae
1113 1675 1172 1740 crit
1182 1695 1230 1739 or·

141 1753 256 1824 dinato
271 1759 329 1825 sub
346 1784 439 1852 poena
455 1767 670 1855 suspensionis
686 1766 726 1832 de
741 1764 939 1832 investienda
954 1763 1064 1835 eadem
1079 1761 1229 1850 pecunie.
1294 1773 1298 1778 “

184 1839 218 1907 Si
234 1848 308 1934 quis
321 1848 461 1916 voluerit
475 1853 633 1938 assignare
645 1852 685 1918 de
700 1875 757 1917 suo
772 1851 1002 1921 Patrimonium
1012 1847 1166 1915 sufficiens
1182 1867 1231 1944 or-

134 1925 309 2018 diruendo,
326 1934 502 2003 dummodb
517 1937 587 2003 haeo
600 1934 772 2005 liberalitas
792 1939 832 2005 sit
848 1946 943 2020 uera,
965 1951 996 2001 et
1018 1929 1231 1998 inalienobrlr't

25 2053 28 2063 ·
125 2011 261 2107 ,absque
276 2015 413 2107 licentia*
422 2020 609 2109 Ordinarii,
628 2024 663 2090 id
681 2026 793 2113 utique
803 2023 936 2088 'admitti
950 2020 1068 2111 poterit
1080 2041 1119 2083 ex
1134 2018 1232 2086 variis

26 2154 29 2163 .
136 2104 303 2190 responsis
319 2109 351 2171 S.
365 2106 488 2174 uthid
502 2132 536 2174 ιι.
557 2108 597 2175 13
613 2108 799 2176 Curandum
815 2124 861 2175 est
879 2125 1004 2192 tamen,
1021 2121 1058 2171 ut
1072 2103 1158 2171 bona
1176 2100 1231 2167 illa

25 2230 26 2245 ι
137 2185 223 2253 adeb
240 2185 340 2257 libera
356 2194 419 2260 sint
434 2193 474 2260 sb
490 2193 560 2261 aliis
577 2194 746 2272 oneribus,
762 2211 799 2259 ut
822 2210 1004 2260 remaneant
1028 2214 1067 2256 ex
1083 2190 1122 2256 iis
1137 2182 1231 2254 suffi-

142 2271 261 2339 cientia
278 2274 596 2348 alimentuordinu'to.
608 2279 653 2347 ib.
668 2305 702 2347 ιι.
715 2282 755 2347 ι4
770 2280 944 2346 dummodb
954 2281 1048 2344 etium
1059 2275 1231 2343 obsitum-

142 2359 193 2424 nis
210 2358 320 2429 Fectio
338 2367 454 2442 tacita,
471 2365 523 2433 vel
539 2389 683 2458 expressa
705 2368 792 2433 lecta
807 2369 895 2432 entre
914 2366 1180 2444 instrumentum,
1199 2373 1234 2427 ut

144 2449 300 2532 possessio
312 2448 470 2529 bonorum
482 2469 645 2520 remaneat
661 2454 748 2543 apud
759 2453 981 2538 assignantem.
999 2449 1071 2515 Non
1087 2444 1234 2514 valetas-

140 2529 602 2623 ›signatio²Patrimonii'lsctaa
635 2554 702 2605 atre
718 2549 861 2627 respectu
871 2535 952 2621 filii,
970 2532 1234 2622 cuiinpraejudt'p-

146 2617 230 2682 cium
241 2616 391 2707 legitimae
401 2621 594 2714 reliquorum
604 2560 743 2691 dliorum
755 2626 862 2688 omniu
878 2631 932 2688 sua
942 2620 1066 2687 tribuit.
1077 2621 1237 2686 Sicutnec

144 2701 347 2794 admittitur,
363 2710 392 2774 si
403 2712 787 2800 putertransfe‘ratomnio
799 2711 897 2774 suain
915 2705 1017 2773 filium
1029 2728 1100 2771 oum
1117 2725 1235 2790 onere,

135 2803 186 2854 -nt
197 2811 229 2856 se
240 2789 324 2880 slat,
342 2797 403 2860 nisi
416 2797 452 2862 id
464 2804 644 2888 expressum
660 2796 795 2862 candide
805 2796 902 2875 fuerit
917 2797 950 2859 in
964 2795 1174 2859 instrumento
1183 2788 1238 2855 Pa.

138 2875 307 2944 trimontii.
325 2880 456 2948 ibidem.
684 2892 686 2895 ’
921 2960 922 2963 ¹

71 2956 75 2961 ⁴
191 2961 226 3029 Si
236 2966 434 3066 quisdctum
443 2969 672 3036 Patrimonium
684 2988 777 3035 suum
786 2970 885 3054 sciat,
903 2979 933 3039 et
945 2963 1050 3032 nihilo
1065 2966 1166 3031 secius
1175 2986 1235 3030 or-

139 3045 524 3144 ‚dimotionemrecipiet,¹
536 3074 643 3131 munet
659 3068 846 3146 suspensus,
863 3068 954 3119 uter
965 3074 1035 3116 can.
1048 3048 1237 3150 Neminem,

150 3148 182 3198 ct
195 3158 270 3201 can.
282 3141 475 3207 Cunctorum
490 3142 563 3208 dist.
583 3164 623 3230 7⁰
640 3159 671 3207 et
687 3165 726 3208 ex
743 3143 879 3207 Decreto
895 3139 928 3206 S.
942 3143 975 3202 C.
988 3160 1073 3203 anno
1092 3138 1190 3204 1610.
1206 3138 1239 3200 δι

151 3223 228 3288 vert
247 3223 280 3287 id
301 3226 440 3310 nesciat,
465 3228 665 3313 scicitantem
684 3227 896 3310 Ordinarius,
918 3239 1069 3295 ettamen
1092 3223 1239 3307 ordinet,
1312 3240 1324 3263 ’

153 3298 346 3375 Ordinurius
362 3312 491 3401 quidem
498 3315 735 3401 suspensionem
751 3333 816 3377 non
829 3308 985 3393 incurrit,
999 3324 1125 3406 tenetur
1134 3324 1241 3372 autem

152 3390 193 3456 de
207 3416 268 3467 suo¹
282 3396 464 3487 ordinatum
488 3398 572 3486 alere
587 3421 627 3463 ex
642 3396 876 3479 siemundum
896 3395 1084 3481 Caponum,
1101 3410 1133 3477 et
1148 3414 1242 3487 sensu

152 3474 518 3550 S.C.Co'ncilil.n.ib.'
667 3550 668 3553 ,
716 3500 719 3505 ’
833 3494 846 3501 ”
917 3494 920 3497 “
1248 3561 1250 3563 ,

197 3564 384 3634 Patrimonii
394 3567 670 3672 alienatioabsque
681 3566 983 3655 Ordinariilioentia
993 3567 1063 3656 ipso
1074 3555 1242 3656 jurenullu

140 3666 221 3735 est,
239 3669 328 3719 mex
347 3656 489 3722 Decretis
507 3654 541 3722 S.
559 3656 598 3722 C.
616 3656 696 3720 ibid.
715 3668 749 3721 ιι.
770 3652 909 3735 ubiles
928 3653 1116 3719 commutari
1140 3667 1244 3740 potest

157 3735 193 3801 in
207 3735 390 3817 olisbona,
407 3741 459 3808 uel
472 3745 505 3808 in
515 3736 603 3807 uliud
616 3742 734 3831 puriter
744 3738 936 3809 Beneficium
950 3741 1017 3804 sinc
1028 3735 1178 3804 facultate
1184 3735 1244 3802 Oi

156 3822 296 3911 dinarii,
312 3844 348 3893 ut
358 3851 398 3894 cx
413 3823 568 3901 similibus
577 3828 730 3895 Decretis.
743 3827 869 3892 ibid.n.
881 3846 934 3924 29.
945 3825 1012 3890 Nec
1027 3823 1156 3890 tandem
1167 3820 1246 3887 obli·

156 3913 222 3993 gari
240 3930 372 4003 possunt
390 3913 474 3980 hona
496 3909 713 3996 Patrimonii,
728 3913 810 3978 adeo
830 3927 867 3977 ut
885 3934 912 3975 ss
932 3902 1014 3976 forte
1038 3909 1182 3991 accidat,
1208 3922 1246 3974 ut

156 3995 300 4064 debitum
308 3999 496 4066 solvendum
508 4002 568 4085 sit,
585 3997 672 4064 nulla
690 4000 759 4066 fieri
776 3998 921 4064 executio
930 3997 1140 4087 poterit,nisi
1151 3998 1246 4081 suprb

147 4084 439 4154 ‘communitorum
452 4102 609 4179 partem,
625 4086 700 4188 ‘qum
723 4082 883 4150 alimentis
905 4083 1045 4149 ordinati
1061 4105 1101 4146 vsu
1126 4076 1245 4181 effluit.

145 4165 568 4254 ‚Faszosutamenrcredituci
584 4190 724 4264 incipere
740 4168 1064 4258 inuolutumsemo
1110 4171 1247 4258 eteius,
1317 4188 1319 4201 ι
