2942 4717
214 339 317 438 Capit.
331 344 390 414 lx.
406 345 531 414 Manita
547 350 583 413 in
598 369 715 436 genere
729 369 791 441 pro
803 346 1012 438 perfectione.
1108 297 1173 439 Ι167

107 456 222 559 vigiliis
241 478 378 560 septem
402 449 638 548 festivitatum
664 462 814 545 Mariae,
840 461 873 532 si
899 456 1093 534 commode
1109 485 1176 557 per
1236 503 1238 507 v

109 558 337 631 valetudinem
356 559 513 658 poterit,
528 558 585 631 vel
605 556 734 631 saltem
754 558 863 631 unico
877 556 1020 634 tantiam
1036 558 1091 629 uti
1109 557 1176 631 ob·

113 658 208 729 conio.
222 659 264 730 ln
282 659 476 731 relectione
492 658 697 756 vespertina
713 655 897 730 ordinarie
912 682 987 728 non
1000 656 1176 731 excedere

110 769 178 827 octo
199 756 321 829 uncias
337 755 433 843 cibi,
458 754 710 827 nisi'adfucrit
735 753 860 853 aliqua
888 753 1175 831 extraordinaria

109 855 275 950 urgentia;
303 855 486 927 abstinere
513 857 533 925 a
559 853 740 926 fructibus
763 851 892 951 diebus
919 852 1118 940 Mercurii,
1136 869 1174 930 ct

109 950 241 1024 Veneris
255 1009 265 1036 ,
279 953 364 1025 etin
378 952 535 1024 Norenis
550 951 718 1050 superiirs
738 952 939 1025 enunciatis
954 1007 964 1041 ,
983 952 1020 1023 in
1038 951 1173 1051 quibus

113 1064 209 1147 potest
234 1053 344 1124 etiam
377 1049 557 1121 abstinere
585 1049 631 1121 ab
658 1048 782 1148 aliqua
812 1048 882 1121 alia
907 1052 1075 1149 portione
1100 1049 1176 1127 cibi

113 1148 283 1240 cousueti;
303 1163 339 1222 et
351 1151 389 1220 in
404 1147 547 1220 edendo
568 1149 720 1222 miscere
734 1146 827 1221 cibis
840 1146 1001 1246 aliquam
1019 1150 1178 1247 particu-

109 1240 170 1316 lam
188 1246 312 1320 herbae
329 1246 539 1331 amarioris,
559 1245 624 1319 sed
644 1251 848 1345 numquam
867 1247 1040 1320 cinerem.
1063 1247 1176 1322 Extra

107 1367 253 1418 mensam
267 1344 363 1418 nihil
379 1342 595 1431 comedere,
644 1346 794 1418 uoniam
819 1342 951 1416 melius
979 1359 1053 1435 est,
1074 1371 1177 1420 conr·

96 1442 250 1539 'parativir
276 1441 493 1543 loquendo,
518 1370 682 1543 quotilie
709 1441 893 1542 praelatam
917 1441 1176 1521 abstinentiam

106 1563 283 1632 exercere,
302 1545 413 1641 quam
436 1539 493 1613 bis
512 1596 522 1622 ,
540 1540 595 1612 rel
614 1555 670 1612 ter
687 1543 725 1613 in
744 1539 974 1613 hebdomada
996 1546 1177 1641 jejunare.

105 1637 247 1711 Somnus
263 1665 339 1712 non
354 1638 568 1712 extendatur
585 1637 680 1712 ultra
701 1663 763 1712 sex
779 1638 885 1711 horas
904 1667 912 1708 τ
928 1665 1073 1738 sem-per
1088 1641 1175 1716 vero

105 1735 146 1807 ad
158 1739 320 1838 quinque
338 1766 348 1823 ;
366 1738 540 1838 quoniam
560 1737 739 1811 excedens
755 1736 917 1809 delectus
935 1742 1054 1810 somni
1066 1755 1178 1816 nocet

105 1835 227 1934 capiti.
245 1850 282 1911 et
295 1835 451 1935 impedit
465 1849 594 1908 caetere
614 1836 782 1908 exercitia
808 1834 1021 1932 spiritualia.
1042 1840 1077 1931 4.
1098 1841 1178 1913 Scr-

103 1952 177 2005 vare
190 1932 378 2007 silentium
394 1946 541 2034 pertres
552 1931 658 2007 horas
671 1931 764 2019 diei,
782 1932 883 2032 quod
896 1931 1050 2035 intelligi
1067 1934 1178 2014 debet

37 2127 38 2132 ἵ
103 2026 144 2105 de
157 2058 228 2106 non
241 2030 472 2133 proferendis
486 2031 605 2106 verbis
624 2057 699 2105 non
714 2025 939 2106 necessariis.

299 2228 443 2303 Mout'tc
462 2229 499 2303 in
510 2255 641 2330 genere
651 2253 717 2328 pro
734 2225 974 2317 Perfictiouc.

37 2423 38 2510 Ῑ
150 2423 225 2499 160.
243 2423 274 2499 Ι.
296 2424 487 2504 Collocare
503 2449 651 2497 omnem
668 2450 769 2498 suam
790 2424 960 2498 fiduciam
975 2427 1014 2499 in
1027 2424 1125 2516 Deo,
1141 2441 1180 2504 et

37 2545 38 2612 1
104 2521 248 2596 omnino
275 2522 439 2598 diffidere
465 2524 511 2597 de
531 2549 589 2613 sc,
608 2538 645 2594 et
666 2522 712 2604 de
736 2524 812 2596 suis
836 2522 944 2596 bonis
966 2528 1178 2624 propositis.

37 2639 38 2642 ’
103 2616 530 2698 Mascula'determinatio
549 2647 587 2693 se
604 2621 796 2709 vincendi,
818 2635 854 2695 et
872 2621 945 2694 rim
970 2622 1040 2696 sibi
1060 2625 1098 2697 in
1117 2652 1180 2701 oc·

103 2719 305 2802 cesionibus
321 2721 515 2794 inferendi.
531 2721 595 2793 Ait
608 2720 647 2792 S.
664 2719 838 2793 Therasia
856 2748 865 2788 ε
882 2715 1089 2813 Sidejectus
1103 2749 1179 2798 uon

37 2827 38 2830 ’
103 2817 250 2897 procedit
264 2821 287 2889 d
303 2819 423 2907 nobis,
441 2845 486 2891 ue
505 2818 688 2890 uincamus
703 2834 742 2889 ut
755 2819 854 2890 Deus
866 2816 1042 2893 abso'neat
1054 2820 1100 2893 ab
1107 2821 1179 2894 im·

99 2914 274 3010 pertieudo
289 2916 387 2989 nobis
402 2917 537 2989 auxilio
555 2913 606 2988 ad
616 2930 776 2988 nostram
794 2915 1117 3013 sanctificationem.

154 3013 230 3086 161.
259 3014 304 3087 ll.
324 3013 458 3089 Carere
479 3017 499 3087 a
518 3037 755 3114 quocumque
772 3015 925 3087 minimo
946 3014 1091 3090 defectu
1109 3018 1179 3092 de·

105 3106 279 3198 liberato,
299 3115 375 3186 sive
399 3113 530 3213 apertis
549 3113 667 3185 oculis
689 3111 861 3201 admisso.
881 3114 916 3183 A
928 3130 1073 3207 peccato
1090 3117 1180 3189 deli-

77 3209 78 3214 ’
104 3204 233 3297 beruto,
247 3211 393 3307 (inquit
410 3211 536 3284 eadem
552 3211 705 3306 Sancta)
717 3209 936 3311 quantumvis
939 3238 1049 3308 parvo
1059 3272 1068 3299 ,
1079 3214 1180 3289 Deus

106 3313 161 3377 scs
176 3309 305 3382 uberet.
324 3308 553 3409 subditque:
574 3309 721 3381 Dromon
744 3307 836 3379 enim
858 3333 926 3403 per
947 3334 1052 3408 opera
1077 3314 1182 3385 mini-

95 3426 230 3477 marum
242 3431 376 3495 rerum,
391 3402 810 3509 clr'quufacitsorcmiuu,
818 3403 1030 3505 perquoeres
1044 3436 1180 3511 magno

104 3498 342 3600 ingrediuntur.
957 3567 962 3580 .

153 3601 232 3674 162.
258 3602 321 3678 Ill.
348 3604 432 3677 Non
454 3603 585 3677 tristari
607 3619 689 3699 post
709 3602 886 3694 admissos
908 3603 1095 3694 defectus,
1115 3606 1181 3680 sed
1267 3648 1275 3666 ·

105 3698 172 3771 cito
187 3727 225 3773 se
241 3700 457 3788 humiliare,
475 3718 511 3777 et
524 3702 572 3776 ad
583 3702 702 3775 Deum
718 3703 963 3803 confugiendo
980 3729 1063 3778 curn
1078 3705 1181 3779 brevi

104 3801 182 3868 ao'tu'
199 3804 451 3887 contritionis,
468 3819 503 3875 et
522 3807 727 3902 proposito,
747 3827 784 3874 sc
803 3804 842 3874 in
863 3827 953 3901 pace
972 3804 1181 3891 remittere3

106 3907 139 3965 et
156 3897 203 3968 ira
222 3923 366 3996 semper
391 3926 429 3972 sc
452 3926 600 3999 gerere,
622 3900 763 3973 etiarnsi
790 3902 926 3973 centies
952 3901 989 3971 in
1016 3899 1181 4000 disquis

106 3992 260 4069 caderet.
276 3999 325 4069 Et
347 3997 418 4070 hoc
435 4013 560 4071 monet
572 3998 609 4074 S.
626 3999 822 4088 Thermia,
841 4024 888 4069 nc
906 3999 1183 4073 communicen·
1213 4067 1218 4072 .

104 4101 161 4200 tur
188 4098 342 4191 propriae
364 4097 582 4170 tentationes
606 4097 798 4169 animabus
823 4095 1066 4198 imperfectis,
1096 4100 1206 4199 quia,

88 4191 153 4264 'tta
169 4207 206 4266 et
222 4192 368 4294 sibi,er
382 4194 463 4271 aliis
480 4195 659 4272 damnum
674 4196 839 4273 affertur.
1252 4193 1257 4203 ’
