2942 4717
272 327 331 407 'bo'
425 427 428 432 ,
467 421 471 428 ι
553 359 558 368 ’
666 333 777 406 Praxis
792 337 996 409 Confessarii.

281 449 424 551 juvabit
440 476 525 525 eum
545 451 792 551 interrogare.
813 467 853 526 ut
872 433 1044 527 nunnulli
1060 455 1204 546 solent,
1222 477 1269 533 an
1285 443 1365 534 umo·

280 557 391 652 quam
411 548 581 624 habuerit
599 550 841 625 intentionem
862 571 1002 625 scroto
1022 552 1277 654 obstringendi
1293 560 1362 632 sub

280 654 378 750 gravi
396 666 547 749 peccato
562 649 578 722 i
595 651 786 750 Siquidem
808 650 919 723 rudes
945 654 997 727 sic
1021 654 1229 752 interrogati
1256 657 1362 742 facile

279 765 435 850 negant3
453 746 563 822 satibs
587 749 655 822 erit
679 751 924 848 interrogare,
945 753 975 823 si
1001 768 1114 844 tuuc,
1133 780 1223 826 cum
1242 769 1363 828 votum

280 852 423 938 emisit,
448 847 700 940 existimabat,
725 874 765 920 se
785 851 943 944 graviter
969 868 1204 949 peccaturum
1234 851 1362 942 luisse,

279 971 327 1021 an
341 972 426 1029 non,
436 947 467 1019 si
478 951 603 1046 postea
617 971 692 1019 uon
705 947 935 1020 satisfecisset
946 973 955 1033 ;
965 965 1001 1021 et
1014 952 1062 1023 ita
1078 951 1205 1024 melius
1219 967 1363 1047 cognos-

190 1073 195 1082 ·
277 1062 401 1132 cetur,
419 1072 466 1117 an
482 1045 653 1144 subgrari
668 1102 677 1133 ,
695 1047 750 1119 vel
761 1044 831 1117 levi
848 1061 979 1121 scroto
994 1047 1222 1148 obligaverit.
1236 1049 1364 1132 Certus

165 1209 172 1222 .
278 1146 396 1219 lactus
412 1143 686 1234 Confessarius,
705 1143 777 1217 hoc
795 1144 907 1219 fuisse
923 1155 1048 1220 verum
1072 1166 1218 1240 votum,
1234 1149 1362 1249 exonia

273 1260 347 1344 ret,
360 1269 406 1318 an
416 1242 463 1315 uh
481 1243 693 1316 dilationem
709 1243 903 1342 putaverit,
918 1267 1117 1344 se'peccare
1134 1246 1359 1334 mortaliter,

274 1361 337 1416 aut
351 1343 537 1445 judicabat
553 1371 591 1415 se
605 1341 652 1415 ab
667 1343 739 1417 hoe
755 1345 939 1432 excusari,
950 1347 1036 1444 quia
1048 1345 1118 1419 sibi
1133 1360 1210 1419 erat
1225 1351 1357 1447 propo·

273 1445 387 1516 situm
406 1440 506 1514 illud
527 1440 757 1544 adimplendi
774 1445 1017 1540 inposterum.

323 1542 381 1616 26.
399 1541 470 1614 Hic
481 1543 581 1639 juvat
594 1555 770 1612 annotare
782 1540 906 1639 aliqua
919 1543 1016 1614 circa
1029 1548 1197 1615 votorum
1206 1541 1357 1643 Dispen-

271 1640 470 1730 sationem,
488 1655 525 1712 et
540 1639 887 1711 Commutatiunern.
903 1641 986 1713 lam
1004 1642 1118 1714 scitur
1135 1643 1234 1715 circa
1254 1643 1360 1741 quin·

273 1755 345 1839 que
361 1755 444 1814 vota
460 1753 638 1811 reservata
655 1795 663 1827 ,
681 1737 879 1837 Religionis
900 1765 984 1811 nem
1013 1738 1055 1826 e,
1073 1741 1256 1812 Castitatis
1282 1732 1361 1839 per·

270 1832 413 1940 petuae,
428 1854 464 1910 et
476 1841 591 1910 trium
632 1839 961 1934 eregriuationum‚
979 1766 1150 1927 inuram,
1169 1838 1356 1936 lerosoly-

269 1964 393 2022 mam,
414 1956 451 2009 et
472 1934 517 2006 ad
538 1934 573 2007 S.
617 1934 772 2008 acobum
796 1935 1009 2023 Galloeciae,
1030 1963 1105 2010 non
1126 1963 1234 2037 posse
1253 1939 1357 2010 nisit

268 2033 369 2134 Papa
386 2034 612 2134 dispensari,
632 2032 837 2107 dummodo
852 2037 926 2106 sint
940 2034 1127 2119 absoluta,
1145 2049 1359 2108 nouantem

267 2133 453 2235 poenalia,
477 2145 513 2205 et
533 2130 785 2207 conditionata
804 2130 914 2230 (Lib.
938 2134 959 2207 3
980 2161 1016 2207 n.
1038 2135 1144 2230 261.)
1168 2134 1236 2207 His
1267 2131 1358 2206 adde

267 2248 396 2306 votum
424 2231 700 2332 perseverantiae
729 2236 768 2306 in
801 2230 925 2328 aliqua
955 2232 1271 2332 congregatione,
1301 2232 1357 2304 vel

268 2331 541 2405 Communitate
558 2329 707 2411 solitum
721 2331 861 2427 emitti(
873 2329 982 2432 proiit
995 2334 1037 2406 fit
1050 2332 1088 2405 in
1102 2330 1359 2429 Congregatio·

191 2483 194 2496 .
265 2429 377 2503 nibus
393 2429 707 2503 Missionarioium
722 2430 759 2505 S.
773 2431 962 2504 Vincentii
978 2429 1149 2514 seculo,
1169 2433 1259 2502 etin
1278 2456 1359 2502 nos·

265 2536 322 2602 tra
339 2525 695 2626 SSxRedemptoris)
711 2528 1053 2629 quodssenedictus
1071 2517 1171 2603 XIV.
1191 2530 1229 2602 in
1247 2528 1353 2602 Bulla

169 2713 172 2720 ἱ
265 2627 501 2718 Convocatis,
521 2626 591 2700 sub
611 2625 669 2701 die
688 2629 733 2700 25
748 2624 966 2701 Novembris
985 2628 1110 2728 17495
1129 2626 1196 2718 32,
1217 2627 1285 2701 sibi
1303 2652 1355 2699 re-

265 2729 551 2816 servarittnum.
568 2725 681 2819 255),
698 2725 766 2799 alia
783 2745 863 2799 vota
882 2742 1037 2827 possunt
1057 2727 1279 2800 commutari
1295 2741 1356 2798 aut

265 2828 305 2923 in
318 2827 365 2899 iis
376 2837 495 2925 potest
508 2823 712 2921 dispensari
727 2823 980 2924 adEpiscopis
992 2882 1000 2909 ‚
1014 2826 1076 2925 qui
1091 2842 1246 2924 possunt
1261 2827 1355 2897 hanc

262 2922 476 2999 facultatem
493 2920 575 2994 aliis·
590 2912 759 3022 delegare
775 2929 899 3020 (num.
917 2924 1030 3024 256);
1052 2940 1114 2998 aut
1127 2924 1353 2999 tconfessa·

264 3025 329 3096 riis
359 3019 588 3122 regularibus
607 3020 695 3111 (lib.
717 3023 738 3095 3
761 3050 798 3094 n.
820 3023 889 3108 257
911 3048 943 3097 r.
963 3022 1044 3096 Imb
1058 3024 1090 3120 )‚
1118 3037 1180 3095 ant
1206 3024 1253 3097 ab
1272 3023 1352 3096 aliis

228 3181 232 3188 .
263 3120 501 3195 confessariis
517 3146 583 3221 per
600 3119 815 3194 facultatem
832 3123 854 3194 J
857 3120 1002 3211 ubilaei,
1024 3136 1087 3194 aut
1103 3121 1253 3194 alterius
1275 3125 1351 3220 pri-

262 3221 383 3320 vilegii
397 3220 466 3295 sibi
481 3244 702 3292 concessam.
716 3221 922 3335 Loquendo
939 3223 1063 3293 autem
1077 3221 1121 3293 de
1136 3222 1350 3293 Commutav

263 3323 384 3405 tione,
402 3317 677 3393 confessarium
692 3333 874 3391 monitum
894 3345 971 3392 esse
992 3319 1096 3401 tolo,
1119 3344 1165 3391 ne
1186 3324 1232 3391 sit
1249 3345 1350 3392 seru·

262 3416 416 3517 pulosus
431 3419 526 3491 circa
542 3442 706 3503 causam,
721 3417 805 3514 quia
820 3417 1015 3516 quodlibet
1035 3417 1252 3490 rationabile
1265 3443 1349 3490 mo·

259 3518 377 3626 tirum
394 3540 465 3615 pro
488 3540 594 3587 causa
617 3513 745 3630 lraberi
761 3531 906 3630 lpotest.
930 3515 1120 3589 Sufficiens
1145 3533 1220 3607 est,
1241 3530 1281 3589 ut
1296 3541 1348 3587 ex

34 3655 37 3662 =
134 3691 137 3696 Α
260 3614 549 3691 commutatione
569 3616 642 3688 ‚voti
656 3629 703 3686 srt
720 3639 841 3685 minus
863 3614 1072 3713 perieulum
1089 3617 1348 3715 transgressio-

259 3716 460 3813 nis'(num.
483 3714 573 3804 244,
592 3714 631 3785 in
651 3714 742 3804 line)
756 3737 767 3802 3
783 3740 853 3785 nec
870 3716 966 3787 cirea
982 3715 1173 3786 materiam
1190 3712 1348 3813 aequali·

257 3832 314 3887 ter
325 3811 609 3909 subrogandum,
619 3807 728 3883 etiarn
740 3838 814 3884 non
827 3814 1026 3910 requiritur
1037 3812 1347 3913 aequalitaslance

259 3906 702 3996 libranda,sedsuli1cit‘,
721 3926 762 3983 ut
781 3912 827 3982 sit
846 3908 998 4009 aeqnalis
1016 3910 1213 3985 moraliter.
1227 3912 1346 3983 Inter·

258 4035 300 4085 ro
326 4025 362 4083 et
383 4014 645 4110 poenitentem,
664 4035 746 4108 quae
767 4036 787 4079 o
816 4036 874 4082 era
894 4007 1007 4081 soleat
1023 4027 1192 4083 exercere
1215 4025 1346 4110 proeter

258 4037 382 4216 debita
397 4133 439 4180 ex
456 4102 658 4207 praecepto,
676 4036 899 4197 amasinum
916 4113 1094 4205 majorem
1109 4107 1345 4210 habeat'pro-

257 4206 473 4321 pensionem
491 4264 498 4298 ,
518 4208 609 4284 etin
626 4231 666 4278 ea
684 4223 884 4283 commutet
903 4223 995 4281 rota.
1014 4206 1261 4284 Commutatio
1279 4232 1347 4280 au·
