2942 4717
189 293 334 389 Capitol.
351 295 396 365 V.
415 294 587 384 Quomodb
603 313 676 363 cnm
689 293 865 366 trutinans
879 308 912 364 et
927 294 1089 366 recidivis.
1154 292 1200 386 75

106 431 233 509 synar,
251 421 321 481 etc.
340 406 387 479 ad
405 406 535 479 titium
551 404 825 507 extirpandum.
845 406 909 482 tv.
926 406 962 480 si
977 408 1055 505 ipse
1072 403 1201 505 petiti

109 505 343 581 confessario
358 503 544 593 remedia,
565 519 627 578 aut
643 531 736 578 nova
760 505 882 580 media
904 501 951 577 ad
972 501 1200 578 emendatio·

106 628 215 694 nem;
235 605 325 677 item
349 605 381 677 si
404 604 606 699 promittit,
630 629 668 676 se
686 604 927 704 impleturum
949 601 1095 694 media,
1115 625 1200 701 que.

106 714 195 776 tunc
215 703 251 775 ei
275 702 436 800 suggerit
452 699 728 792 confessarium
753 700 910 775 maxime
933 702 965 774 si
990 705 1198 814 numquim

22 889 23 892 Ἴ
110 800 269 875 monitus
285 801 396 874 fuerit
410 802 456 872 de
471 798 545 872 illis
563 798 786 874 adhibendis
801 824 811 891 ;
830 798 896 874 sed
914 799 971 874 bis
991 798 1201 898 promissio·

115 897 221 972 uibus
234 922 366 971 censeo
387 922 461 970 non
480 896 632 972 omnino
647 898 864 987 fidendum,
882 897 913 971 si
927 897 997 972 alia
1015 899 1116 1012 signa
1134 893 1200 971 de·

22 1005 23 1008 ’
120 997 210 1085 sint;
230 1023 320 1070 cum
343 996 593 1083 Poenitentes,
612 1009 654 1070 ut
676 995 957 1070 Absolutionem
984 994 1199 1083 obtmeant,

119 1093 224 1167 facite
239 1095 482 1194 promittent,
500 1093 565 1168 sed
582 1099 706 1195 posted
721 1093 923 1169 difficulter
938 1093 1138 1168 attendant.
1152 1090 1203 1169 V.

111 1190 316 1291 Spontnnes
335 1193 548 1280 Confessio,
567 1192 701 1293 nempe
718 1194 749 1267 si
764 1194 950 1267 Poenitens
965 1190 1108 1268 secedit
1122 1211 1201 1265 non

54 1281 59 1292 ’
109 1293 185 1389 jam
208 1288 509 1390 adimplendum
530 1292 760 1392 Praeceptum
784 1289 987 1382 Paschale,
1014 1287 1136 1389 neque
1156 1303 1201 1364 ex
1300 1297 1307 1308 '

110 1386 275 1485 quodam
293 1415 360 1462 usu
384 1405 533 1483 peccata
549 1388 751 1463 confitendi
767 1391 805 1462 in
822 1388 1008 1488 aliquibus
1021 1388 1201 1487 tempori·

105 1483 211 1572 bus,
237 1486 348 1586 proirt
364 1485 424 1559 die
442 1487 657 1561 Natiuitatis
669 1488 843 1571 Domini,
869 1489 907 1560 in
928 1484 1199 1561 Festiritatibus

95 1584 300 1684 'Deiparae,
321 1587 362 1656 et‘
378 1584 576 1673 similibus,
594 1586 715 1683 neque
734 1585 877 1659 accedit
890 1584 1071 1687 inipulsus
1089 1589 1109 1657 b
1126 1584 1201 1658 Pa·

104 1681 302 1767 rentibus,
319 1687 339 1755 b
356 1684 532 1769 Domino,
555 1698 618 1757 aut
637 1686 832 1782 Magistro;
850 1683 914 1757 sed
928 1684 1032 1757 renit
1048 1679 1200 1758 omnint

108 1779 272 1879 sponte,
297 1792 334 1854 et
355 1780 438 1854 rerd
457 1780 656 1882 inspiratus
670 1784 802 1857 Divino
819 1781 959 1855 lumine
978 1807 989 1873 ;
1012 1780 1060 1854 ad
1077 1778 1202 1856 solum

105 1879 251 1966 finem,
268 1892 311 1958 ut
325 1880 495 1954 Divinam
517 1881 667 1979 gratiam
691 1881 856 1982 recipiat.
879 1880 1082 1956 Praesertim
1106 1878 1136 1951 si
1155 1876 1204 1954 ad

108 1976 368 2051 confitendum
384 1976 537 2079 longum
554 1979 622 2052 iter
635 2004 823 2081 aggressus
842 1978 973 2066 luerit,
987 1977 1205 2051 abstinuerit
1266 2014 1269 2020 ·

109 2077 132 2148 b
151 2073 258 2150 lucro
271 2073 425 2149 notabili
439 2133 449 2168 ‚
463 2102 570 2177 grave
583 2079 799 2158 sustinuerit
813 2076 1090 2150 incommodum
1107 2132 1118 2167 ,
1138 2089 1204 2149 sut

22 2229 24 2270 ἑ
109 2197 289 2273 magnum
306 2172 522 2249 conflictum
538 2175 722 2250 internum
734 2174 997 2251 velerternum
1011 2197 1204 2292 superare·

22 2273 24 2320 ῑ
110 2273 175 2346 rit.
193 2271 260 2344 vl.
276 2270 313 2364 Si
330 2273 468 2345 venerit
483 2290 606 2349 motus
621 2274 746 2391 aliquo
761 2273 1050 2348 extraordinario
1062 2269 1204 2372 tmpul⁶

112 2396 183 2460 su,
204 2369 355 2471 puta'ob
374 2372 589 2445 concionem
607 2371 794 2456 auditam,
815 2386 879 2447 aut
894 2385 1049 2445 mortem
1068 2370 1201 2460 amici,

114 2466 209 2543 obre
225 2483 364 2542 suetum
377 2467 532 2569 alicujus
545 2469 772 2545 imminentis
787 2467 936 2569 flagelli,
952 2466 1060 2567 proiit
1076 2483 1204 2543 terre-

22 2615 23 2618 =
114 2564 262 2657 mutius,
289 2568 401 2665 pestis
424 2583 494 2642 etc.
518 2563 602 2641 vn.
621 2569 659 2641 Si
674 2568 862 2643 Poeniteus
880 2568 1097 2641 conliteatur
1113 2591 1205 2667 pec·

116 2681 192 2741 cata
211 2662 375 2739 anteribs
402 2691 469 2764 per
490 2663 749 2742 verecundiam
766 2667 886 2741 tacite.
902 2661 1002 2738 v111.
1024 2663 1060 2738 si
1082 2663 1205 2739 Poeni·

22 2779 24 2872 3
118 2777 225 2848 teus,
253 2766 449 2936 aurarem
466 2763 639 2854 accedat,
660 2763 863 2840 restituerit
876 2785 952 2840 renr
971 2820 982 2854 ,
1001 2761 1058 2835 rel
1072 2760 1206 2838 lamam

22 2875 24 2916 i
121 2859 295 2937 ablatam.
374 2862 445 2936 ‚si
470 2887 538 2961 pro
566 2877 622 2938 ter
641 2863 884 2938 monitionem
908 2860 1127 2937 confessarii
1147 2885 1205 2935 os·

22 3009 24 3058 ᾖ
122 2959 242 3034 tendit
258 3016 268 3049 ,
283 2967 321 3033 se
337 2960 525 3060 apprehen
554 2962 624 3036 isse
646 2987 779 3036 novam
799 2960 1044 3059 cognitionem
1062 2974 1098 3032 et
1114 2956 1208 3033 bor·

122 3083 242 3132 rorem
259 3059 318 3131 sui
331 3058 472 3158 peceati
489 3113 499 3145 ,
525 3058 755 3159 periculique
771 3084 846 3133 suae
859 3055 1116 3133 damnationis.
1130 3055 1205 3132 Atii

119 3154 187 3229 alis
203 3158 304 3255 signa
317 3155 479 3242 addunt,
494 3156 607 3259 proirt
619 3158 649 3232 si
663 3158 851 3233 Poenitens
865 3182 1032 3255 magnam
1048 3154 1206 3231 libenter

124 3269 286 3354 acceptat
302 3256 577 3356 poenitentiam
595 3257 626 3329 si
653 3258 780 3330 asserit
795 3310 805 3341 ,
823 3279 862 3329 se
878 3255 1094 3356 poenitoisse
1114 3280 1206 3356 pec·

123 3353 322 3428 cuisruim
344 3357 386 3428 bc
412 3352 508 3428 illud
528 3349 708 3454 patrarit}
724 3355 755 3427 si
778 3367 1025 3455 protestatur,
1048 3379 1087 3427 se
1111 3351 1205 3427 velle

127 3451 216 3525 mori
239 3450 363 3549 potibs
386 3455 497 3552 quim
523 3478 687 3553 peccare.
706 3450 777 3526 Sed
795 3452 872 3538 haee
899 3454 1001 3552 signa
1017 3451 1139 3526 nescio
1155 3475 1205 3525 arr

130 3546 200 3621 sola
217 3549 382 3624 sufficere
414 3550 552 3649 possint
570 3577 580 3638 3
601 3550 723 3650 potibs
748 3550 907 3625 dicerem
959 3548 1031 3624 uod
1056 3562 1205 3649 possent

127 3643 301 3722 deservire
317 3648 363 3722 ad
379 3648 449 3722 alia
464 3647 565 3747 signa
579 3709 587 3735 ,
603 3673 687 3751 quse
699 3649 778 3725 sola
790 3676 866 3724 non
880 3576 1104 3723 sufficerent.

169 3745 225 3841 75.
242 3746 409 3848 Denique
425 3774 571 3849 semper
584 3774 627 3822 sc
637 3747 789 3850 aliquod
809 3748 910 3821 adest
925 3749 1077 3845 signum
1094 3800 1104 3830 ,
1124 3770 1200 3846 quo

127 3842 319 3941 prudenter
338 3847 452 3945 possit
472 3845 628 3945 iudicari
644 3846 832 3921 Poenitens
849 3850 1008 3917 muttsse
1028 3840 1204 3920 volunta-

126 3951 210 4030 tem,
227 3942 364 4019 absolvi
389 3957 536 4044 potest3‘
549 3946 712 4044 quimvis
740 3945 840 4018 eninr
861 3939 1137 4030 confessarius,
1159 3959 1200 4032 ut

128 4036 360 4116 l’oenitentem
387 4041 571 4116 absolvere
600 4043 742 4143 possit,
768 4040 956 4115 moraliter
977 4047 1098 4115 ee'rtus
1123 4039 1202 4120 essse

129 4132 249 4218 debeat
284 4144 363 4243 ejus
400 4139 683 4245 dispositionis,
714 4157 875 4219 attamen
907 4137 1201 4234 advertendum,
