2942 4717
224 302 291 371 alio
337 316 340 322 ’
420 381 423 392 ⁴
509 321 512 326 ·
588 298 706 370 ,Ρταιίε
723 299 916 372 confessarii
956 354 960 363 .
1002 372 1003 375 ,

186 473 188 477 a
223 414 373 505 fovere,
400 412 531 514 sepitis
563 414 603 488 in
636 415 695 496 die
726 416 926 515 repetendo
959 427 1063 489 actus
1082 411 1234 490 amoris
1267 411 1310 487 in

224 514 366 599 Deum,
382 528 418 585 et
431 512 588 611 petendo
603 513 767 589 divinum
782 541 954 587 amorem.
966 517 1010 588 E.
1023 516 1176 589 G.Deus
1189 514 1258 603 mi,
1274 522 1313 590 et

227 613 375 696 omnia,
389 612 546 711 Diligam
561 627 595 686 te
617 639 660 686 ex
680 610 878 688 totocorde
894 638 989 686 meo.
1007 615 1149 687 Totum
1166 640 1223 686 me
1240 609 1311 683 tibi

227 708 291 782 do.
308 709 381 784 Fac
402 709 447 782 de
474 736 550 797 me,
569 709 673 811 quod
690 709 757 784 tihi
774 711 966 811 placuerit.
986 711 1047 785 Nil
1069 711 1172 784 aliud
1199 708 1311 795 volo,

224 808 298 880 nisi
313 821 367 893 te,
384 824 420 881 et
433 823 533 881 tuam
551 808 789 883 voluntatem.
804 811 857 884 Da
883 808 974 883 mihi
996 834 1155 884 amorem
1174 811 1310 888 tuum,

228 921 267 979 et
281 905 379 979 dives
397 933 477 979 sum
494 908 597 993 satis,
611 922 679 982 etc.
693 908 969 982 Advertendum
986 922 1107 981 tamen
1120 922 1193 994 est,
1210 903 1314 1005 quod

228 1021 331 1077 actus
346 1007 401 1077 isti
416 1005 574 1078 faciendi
591 1007 665 1079 sint
681 1007 761 1081 sine
783 1005 859 1080 ulla
882 1006 915 1079 vi
928 1061 938 1091 ,
951 1021 988 1080 et
1004 1004 1148 1079 nullam
1161 1004 1314 1077 deside*

168 1115 169 1118 ’
227 1101 347 1177 raudo
372 1102 661 1176 consolationem
680 1104 915 1197 sensibilem
938 1105 1001 1177 sed
1025 1129 1112 1178 cum
1135 1107 1316 1176 enaritate

227 1200 409 1299 quadarn,
431 1217 470 1276 et
494 1201 704 1286 voluntate,
731 1217 844 1301 puta,
873 1202 982 1277 unice
1011 1205 1089 1277 Duo
1124 1200 1316 1305 placendi.

225 1298 422 1380 Asserebat
434 1302 470 1375 S.
479 1300 653 1376 Theresia
665 1329 672 1373 :
684 1300 745 1372 Ne
755 1315 917 1396 putemus
929 1301 1076 1399 relinqui
1084 1301 1316 1374 irremunera-

226 1411 300 1469 tam
316 1400 339 1468 ὸ
358 1399 438 1470 Deo
460 1399 660 1472 reluniarm
678 1398 904 1473 elevationem
920 1399 1095 1472 oculorum
1107 1398 1160 1471 ud
1168 1396 1244 1498 ejus
1257 1421 1315 1475 ree

225 1496 478 1582 cordatiorem.

283 1592 360 1693 169.
379 1596 426 1668 X.
444 1595 606 1693 Dirigere
620 1594 865 1688 intentionem
880 1595 1052 1695 placendi
1067 1596 1145 1669 Deo
1160 1594 1200 1667 in
1216 1619 1312 1695 quae

228 1717 389 1792 cumque
405 1698 547 1766 actione
563 1693 776 1791 quotidiana
790 1694 863 1768 sive
876 1694 1060 1792 spirituali
1072 1750 1081 1782 ,
1093 1692 1167 1767 sire
1183 1718 1315 1792 corpo-

228 1791 298 1866 rali
313 1848 322 1883 ,
339 1792 496 1866 diceudo
512 1792 691 1865 :Domine
709 1793 780 1865 hoc
799 1792 892 1866 lanio
909 1792 1073 1881 tantlrm,
1090 1806 1131 1866 ut
1144 1790 1313 1893 placeam

227 1887 309 1962 tibi.
337 1890 447 1963 Recta
471 1892 622 1962 intentio
652 1889 863 1987 appellatur
888 1889 1060 1964 alchimia
1083 1888 1312 1991 spiritualis,

227 2011 313 2088 quae
326 2011 454 2060 omnes
472 1988 774 2078 actiones‚'etilm
791 1990 959 2075 viliores,
982 2014 1109 2064 aureas
1124 1989 1221 2062 facit.
1280 1992 1284 1998 ’

123 2093 125 2096 ’
282 2109 357 2184 ¹7⁰·
387 2085 454 2161 xt.
476 2086 679 2179 Quotannis
709 2087 880 2161 exercitia
907 2085 1109 2186 spiritualia
1137 2110 1315 2188 peragere

224 2198 417 2287 perusto,
442 2188 496 2258 vel
523 2185 650 2258 decem
671 2184 750 2259 dies
775 2184 1097 2272 falienandose,
1127 2183 1312 2284 quantiam

226 2284 306 2357 fieri
326 2296 466 2382 potest,
485 2281 532 2356 ab
549 2286 649 2362 omni
670 2284 964 2371 conversatione,
977 2297 1019 2372 et
1040 2282 1186 2370 officio,
1206 2280 1312 2382 quod

227 2380 480 2455 distractiones
495 2381 639 2467 afferat,
658 2399 697 2455 ut
722 2383 843 2471 solum
862 2408 948 2454 cum
963 2381 1040 2453 Deo
1056 2393 1228 2454 versetur.
1248 2380 1312 2453 si-

223 2481 362 2554 militer
378 2482 533 2577 siugulis
557 2481 745 2554 mensibus
769 2481 929 2580 aliquam
956 2480 1054 2552 diem
1075 2477 1122 2551 ad
1136 2504 1174 2559 se
1198 2477 1312 2552 colli·

179 2615 183 2629 ·
226 2578 389 2676 gendum
407 2577 598 2652 destinare.
621 2579 758 2656 Derote
782 2579 968 2652 celebrare
983 2577 1151 2652 Novanus
1170 2575 1306 2660 nativi-

224 2672 485 2761 tatisDomini‚
502 2677 657 2776 Spiritlrs
670 2676 811 2761 Sancti,
824 2675 1209 2773 septemsestiritat'um
1225 2676 1307 2750 tta·

226 2775 292 2848 riae
307 2830 317 2863 ‚
333 2775 368 2847 S⁸
388 2776 559 2872 losephi,
577 2776 710 2868 Augeli
725 2775 888 2854 custodis
902 2829 911 2858 ,
926 2788 963 2848 et
981 2772 1106 2848 Sancti
1129 2772 1309 2846 tutelonis.

224 2872 269 2946 In
286 2871 343 2943 his
358 2873 515 2946 Noveuis
540 2876 670 2972 poterit
681 2873 854 2973 ‚quotidie
873 2870 1049 2946 accedero
1066 2868 1112 2944 ad
1139 2896 1329 2945 commu·⁴
1384 2944 1389 2953 ,

224 2970 376 3046 cionem
392 2971 530 3043 orando
548 2996 611 3070 per
628 2969 777 3060 boram,
792 2972 849 3045 rel
863 2970 992 3043 saltem
1010 2967 1205 3043 dimidium
1221 2967 1315 3070 pluo

224 3083 413 3146 consueto.
431 3067 750 3167 Recitarealiquas
764 3068 851 3143 alias
865 3068 1047 3144 orationes
1065 3066 1222 3142 vocales.
1240 3064 1311 3142 sed

224 3192 301 3241 non
322 3166 475 3253 multam
493 3167 666 3265 quoniam
692 3166 801 3263 longe
824 3166 957 3240 melius
972 3167 1040 3240 erit
1058 3191 1225 3240 exercere
1237 3164 1311 3238 de·

226 3268 466 3341 terminatum
484 3266 681 3366 quemdam
697 3293 892 3342 numerum
911 3281 1060 3341 actuum
1076 3264 1231 3351 amoris,
1246 3263 1311 3341 vel
1412 3337 1416 3342 .

222 3363 414 3444 similium.
1207 3433 1211 3442 .
1305 3415 1309 3426 ·

280 3486 320 3560 ¹7
330 3493 358 3536 ι.
373 3464 451 3536 Xll.
471 3459 860 3544 Habere'devotionenr
875 3461 1072 3564 specialem
1088 3464 1171 3562 ergl
1185 3461 1219 3536 S.
1238 3460 1310 3534 Jo-

222 3586 262 3636 se
291 3560 335 3642 h.
353 3561 537 3659 Angelum
556 3567 665 3634 suum
681 3562 900 3648 custodem„
919 3576 1087 3635 sanctum
1099 3586 1207 3635 suum
1224 3560 1309 3634 Tu-

223 3587 396 3746 telarem,
411 3676 447 3731 et
465 3660 653 3759 praecipue
672 3664 756 3757 ergit
774 3662 810 3735 S.
835 3658 1050 3736 Miclraelem
1065 3659 1313 3734 universalem

166 3800 168 3802 .
224 3773 445 3864 cunctorum
461 3756 626 3831 fidelium
644 3773 842 3857 patronum
856 3787 866 3830 ε
880 3758 956 3834 Sed
979 3757 1063 3831 aute
1080 3757 1203 3832 omnia
1222 3760 1311 3854 ergl

223 3856 475 3930 Beatissimam
490 3856 682 3955 Virginem
701 3855 872 3946 Mariam,
888 3882 969 3957 quae
982 3855 1028 3930 ab
1041 3854 1205 3929 Ecclesia
1221 3880 1312 3926 nos-

179 4021 186 4041 ,
222 3956 436 4034 travita.et
455 3969 577 4027 nostra
591 3955 1104 4126 spesappellatur;‹estenim
1119 3950 1312 4028 moraliter
1352 4019 1357 4028 .

222 4052 274 4124 im
282 4052 469 4146 possibile,
490 4069 529 4125 ut
542 4080 735 4126 autmamu
758 4054 833 4127 tirm
848 4058 885 4127 in
903 4054 1123 4155 perfectione
1142 4051 1314 4149 proficiat

224 4150 304 4223 sine
317 4150 526 4247 particulari
537 4208 546 4243 ,
557 4165 597 4224 et
612 4166 735 4225 tenera
751 4153 909 4256 quadam
927 4153 1118 4231 devotione
1133 4153 1215 4252 ergl
1226 4175 1317 4226 sona

223 4248 398 4328 tissimam
414 4249 481 4325 Dei
496 4250 719 4351 genitricem.
