2942 4717
186 255 250 311 tta
409 307 410 310 ,
563 249 672 317 Praxis
687 249 890 318 Confessarii.

188 372 347 452 opponat
364 358 557 450 Diabolus,
581 361 722 431 tandem
732 386 797 455 pro
814 374 907 434 certo
925 356 1061 447 babeo,
1078 355 1173 457 quod
1186 381 1268 430 enm

186 452 361 528 Dominus
377 457 428 529 nd
439 457 560 529 solatis
569 471 706 555 portum
717 458 945 530 conducturus
954 458 1002 528 sit
1027 459 1075 530 Et
1086 454 1171 528 ideo
1183 455 1271 530 Dia-¹

79 578 81 582 ·
185 547 296 628 bolus
309 554 456 627 nullum
470 555 571 629 aliud
587 557 800 629 exercitium
815 554 905 628 aded
919 556 1050 654 quaerit
1062 553 1266 650 impedire,

185 652 297 818 blm
310 651 406 725 illud
421 652 612 745 orationis,
630 656 824 753 quoniam,
841 656 964 754 inquit
977 653 1104 726 eadem
1115 654 1267 726 Sancta:

228 748 299 818 orit
316 751 492 838 Demea,
515 754 610 851 quod
624 756 712 825 cent
734 754 928 825 amissurus
952 752 998 823 sit
1014 750 1167 823 antinum
1190 771 1267 846 quc

182 864 446 940 perseveranter
470 850 638 922 incumbit
658 851 828 924 Orntr'oni.
856 854 1030 926 Praeterea
1048 848 1148 921 solus
1165 871 1266 920 amor

186 957 259 1030 est.
276 948 342 1045 qui
361 952 518 1021 animam
535 949 612 1021 Deo
630 950 748 1047 jungit
765 1004 774 1032 ,
798 963 834 1021 et
850 950 994 1045 stringit
1010 974 1018 1035 ;
1036 947 1101 1019 sed
1116 946 1266 1029 fornax,

183 1038 312 1142 inqua
328 1047 540 1120 accenditur
553 1046 699 1121 flamma
714 1047 827 1121 divini
841 1051 973 1121 amoris
985 1063 1039 1120 est
1050 1044 1187 1132 Oratio,
1201 1066 1267 1124 seu

184 1138 1270 1244 Meditatio‘:Inmeditotrnnemecesordescctrgnis.Ps.38.d·.

240 1241 319 1313 123.
333 1242 490 1341 Incipiat
499 1243 585 1341 ergb
594 1243 1092 1318 Confessariusintroducere
1104 1242 1269 1312 animam

186 1335 238 1409 in'
252 1342 464 1423 orationem.
488 1341 548 1414 Ab
568 1343 672 1416 initio
696 1371 772 1425 non
798 1343 994 1443 plusqulm
1014 1340 1145 1414 mediae
1165 1339 1268 1410 horte
1369 1371 1375 1382 ¹

185 1439 346 1533 spatium
359 1443 536 1538 assignet:
556 1442 657 1540 quod
668 1441 803 1514 deinde
821 1440 1142 1541 crescentespiritu
1157 1491 1165 1520 ,
1180 1436 1266 1536 plus

185 1534 353 1609 minusve
374 1538 534 1637 augebit.
556 1538 684 1639 Nequit
701 1542 849 1613 desistat
864 1567 907 1614 ex
926 1566 995 1624 eo,
1023 1538 1124 1636 quod
1143 1535 1266 1634 poeni-

184 1638 266 1704 tens
284 1634 464 1723 adducat,
482 1634 585 1736 quod
609 1641 702 1712 desit
726 1638 796 1712 sibi
820 1653 965 1739 tempus
986 1653 1022 1710 et
1039 1638 1141 1709 locus
1160 1633 1206 1705 ad
1225 1656 1267 1707 se

130 1753 137 1776 '
185 1727 459 1831 colligendum:
475 1735 552 1808 imis
574 1736 742 1836 imponat
762 1737 816 1827 ei,
845 1752 886 1811 ut
907 1735 1039 1809 saltim
1064 1732 1188 1824 mane,
1207 1729 1267 1820 vel

184 1833 336 1929 'vespere
356 1832 506 1933 quaudd
523 1835 560 1906 in
583 1836 694 1909 domo
716 1842 833 1934 major
850 1851 905 1909 est
924 1835 1052 1933 quies,
1072 1832 1130 1904 vel
1153 1831 1266 1904 etiam
1349 1908 1355 1915 ,

184 1925 224 1999 in
245 1930 332 2027 ipsis
351 1931 655 2029 occupationibus
668 1933 841 2033 (quandb
861 1929 963 2006 aliud
978 1958 1054 2005 non
1074 1945 1196 2031 posset
1208 1930 1268 2000 ef-

184 2024 316 2120 ficere)
335 2030 452 2103 elevet
467 2029 667 2103 identidem
686 2047 848 2105 mentem
869 2031 917 2105 ad
933 2034 1070 2120 Deum,
1092 2044 1128 2103 et
1145 2027 1268 2101 rnedi-

182 2135 283 2196 tetur
301 2129 464 2200 veritates
484 2128 587 2218 fidei,
605 2128 645 2201 iat
660 2144 746 2203 sunt
762 2132 977 2215 novissima,
995 2155 1157 2229 quorum
1171 2129 1274 2226 cogi-

183 2224 296 2318 tatio,
318 2241 354 2296 et
371 2228 701 2325 praecipneymortis
717 2244 803 2312 ,test
820 2229 946 2301 utilior
964 2254 1032 2328 pro
1051 2225 1269 2325 incipienti-

182 2315 268 2392 bus.
293 2324 487 2397 Meditetur
508 2352 655 2424 quoque
675 2326 810 2404 Christi
829 2329 1057 2414 Passionem,
1079 2350 1162 2423 quae
1186 2349 1268 2397 mc·

183 2414 312 2494 ditatio
335 2439 388 2495 est
412 2423 582 2497 omnibus
600 2426 802 2498 fructuosa.
825 2425 861 2497 si
882 2423 966 2498 verb
984 2427 1170 2497 Poenitens
1188 2448 1268 2494 uon

181 2516 230 2589 sit
249 2517 452 2606 litterarum
473 2523 595 2608 rudis,
620 2522 816 2623 expediens
832 2539 908 2614 est,
933 2539 975 2595 ut
996 2536 1120 2595 utatur
1138 2520 1267 2620 aliquo

182 2612 280 2688 libro
305 2620 505 2716 spirituali,
527 2648 601 2720 qno
622 2623 735 2719 magis
755 2621 887 2694 habeat
903 2623 1107 2717 ingressum
1124 2620 1161 2691 in
1180 2609 1269 2691 ora·'·

181 2714 347 2807 tionem,
369 2717 684 2816 quemadmodum
708 2720 827 2792 facere
849 2718 990 2791 solebat
1014 2718 1048 2790 S.
1073 2715 1264 2792 Therasia.

181 2810 329 2888 Moneat
341 2843 507 2915 quoque,
523 2832 565 2889 ut
577 2819 703 2914 seligat
714 2818 903 2890 materiam
915 2815 1036 2903 illam,
1047 2817 1085 2887 iu
1098 2841 1170 2914 qua
1185 2815 1267 2888 ani-

181 2935 242 2981 ma
257 2919 433 3009 majorem
449 2916 632 3012 experitur
644 2916 876 2989 deletionem
892 2972 901 3002 ‚
920 2930 956 2989 et
970 2916 1008 2986 in
1022 2915 1066 2987 iis
1078 2913 1168 2987 locis
1183 2915 1266 3012 qni·

181 3005 253 3080 bus
277 3014 398 3083 anima
424 3038 463 3084 se
490 3013 740 3087 uehementibs
761 3013 853 3088 affici
873 3015 1002 3104 sentit,
1027 3027 1063 3085 et
1079 3027 1269 3086 commota

180 3105 310 3196 fuerit,
334 3113 495 3185 moretur
514 3112 744 3211 aliquantum
758 3169 767 3202 ,
779 3105 822 3185 'et
842 3112 936 3186 lecta
953 3111 1188 3185 meditatione
1203 3124 1266 3195 to-

180 3217 257 3276 tam
281 3232 319 3278 se
338 3226 502 3283 exerceat
521 3213 560 3283 iu
586 3210 729 3284 actibus
747 3210 970 3296 voluntatis,
991 3209 1049 3284 vel
1070 3207 1265 3282 incumbat

180 3303 371 3400 petitioni,
392 3324 452 3380 aut
471 3309 646 3382 faciendis
666 3312 873 3409 propositis.
888 3313 980 3386 Dico
1002 3336 1014 3383 1
1040 3334 1077 3381 se
1099 3321 1268 3382 exerceat

179 3400 412 3494 infacundis
427 3406 581 3494 actibus,
598 3409 739 3482 scilicet
755 3408 993 3491 humilitatis,
1012 3407 1166 3480 actionis
1180 3429 1266 3502 gra-

179 3501 337 3591 tiaram,
351 3501 456 3593 fidei,
472 3507 569 3603 spei,
585 3521 621 3578 et
632 3509 829 3605 praesertim
843 3508 881 3577 iu
896 3506 1103 3601 repetendis
1116 3502 1268 3577 actibus

181 3601 431 3693 contritionis,
450 3619 487 3676 et
504 3604 689 3677 charitatis
705 3610 788 3701 erga
805 3605 942 3689 Deum,
959 3602 1146 3695 offerendo
1160 3629 1196 3675 se
1207 3600 1268 3674 illi

179 3705 828 3802 totamnotamqueejussanerisstmae
839 3701 1020 3774 voluntati
1029 3697 1266 3799 resignando,

180 3805 218 3872 ct
232 3799 433 3895 repetendo
449 3799 643 3899 plusquam
659 3800 768 3883 alios,
785 3815 906 3875 actum
920 3801 1046 3889 illum,
1065 3803 1125 3873 cui
1141 3802 1267 3874 anima

180 3924 218 3971 se
240 3901 354 3994 magis
368 3900 477 3992 sentit
494 3897 722 3971 inclinatam.
742 3901 833 3973 Dico
855 3926 874 3971 a
893 3914 1057 3973 exerceat
1080 3925 1119 3971 se
1140 3899 1177 3970 in
1194 3923 1271 3997 ps·

85 4047 93 4066 ,
179 3995 306 4076 tendo:
324 3999 446 4068 narni
467 3997 639 4095 petitione
657 4024 767 4071 omne
781 4013 949 4070 nostrum
965 3999 1105 4070 bonum
1125 3997 1269 4170 depen-

181 4082 262 4195 det,
280 4109 317 4214 et
330 4095 371 4183 ι8,
387 4097 613 4197 Augustinus
623 4098 774 4198 -inquit,
786 4100 907 4187 Deum
922 4095 1107 4174 ordinarie
1120 4124 1171 4188 uu
1191 4095 1283 4172 lam·
