2942 4717
40 369 41 372 Ἴ
141 313 147 324 ’
240 276 345 373 capit.
361 276 437 350 vn.
453 271 530 370 §lb
545 265 723 368 Quomodb
734 265 808 346 surb
822 272 1037 373 Sempulosis.
1141 273 1186 372 95

114 383 275 466 Dominus
296 407 446 490 propter
462 405 631 464 nostrum
649 390 793 465 bonum
811 391 943 476 voluit,
959 408 1002 464 ut
1028 414 1096 464 nos
1119 391 1186 465 iu·

118 493 194 563 certi
208 490 250 561 de
264 489 381 564 salute
399 487 622 563 viveremus:
635 506 862 589 quopropter
876 543 886 578 ,
900 515 986 563 oum
1005 489 1185 565 moralem

119 588 316 662 adhibemus
330 588 557 687 diligentiam
567 645 578 679 ‚
589 598 767 687 meipsum
777 587 1032 676 offendemus,
1048 590 1183 689 ineius

116 686 386 761 misericordiam
402 703 516 760 totum
533 703 698 760 nostrum
716 707 846 762 curum
862 686 1043 787 projicere
1068 689 1184 773 debee
1249 681 1253 696 ’

117 809 183 857 mus
196 787 413 860 confitentes
431 843 441 877 ,
456 811 525 859 nos
543 784 674 860 salvari
694 810 771 858 non
790 812 897 883 posse
914 784 995 860 sine
1009 791 1090 884 eius
1103 812 1184 885 gro-

120 882 161 955 tir
173 939 180 970 ,
194 883 288 957 bane
305 884 353 958 ab
367 910 411 958 eo
423 909 570 983 semper
582 896 706 981 petere
722 882 903 982 debemus
919 909 1005 959 cum
1020 910 1185 992 perseve·
1216 935 1227 954 ,

124 981 211 1055 roris
226 1038 236 1072 ‚
254 982 414 1067 fiducie,
429 997 467 1056 et
480 982 592 1056 animi
611 984 759 1097 quiete:
775 983 860 1055 Hoc
874 981 999 1055 melt'ds
1012 1038 1022 1070 ‚
1035 999 1111 1072 est,
1127 984 1184 1058 di·

124 1078 201 1153 cebet
219 1081 255 1154 S.
276 1083 500 1156 franciscus
512 1080 671 1156 Salestus
683 1081 754 1178 (In
771 1081 843 1155 vito
863 1081 961 1154 circi
980 1081 1046 1156 fin.
1070 1085 1183 1158 Missa

118 1194 232 1274 spere.
248 1184 265 1273 )
280 1179 413 1255 clausis
430 1179 540 1253 oculis
557 1181 719 1272 incedere
738 1178 804 1253 sub
821 1178 938 1253 dr‘ot'na
951 1178 1187 1276 Providentia,

113 1274 187 1350 titter
204 1278 368 1351 tenebras
383 1294 421 1351 et
430 1278 683 1377 perplexitates
698 1278 735 1350 in
757 1277 828 1351 hcc
839 1278 925 1352 ,rite
946 1277 1131 1378 Expedit,
1144 1295 1187 1355 ut

113 1375 248 1449 contenti
260 1376 393 1466 ninus,
419 1376 490 1449 sid
505 1375 618 1451 Patre
630 1374 804 1470 spirtuali
816 1375 996 1465 sctirnrus,
1014 1402 1083 1450 nos
1094 1376 1185 1454 bend

111 1470 278 1563 incedere,
299 1475 382 1573 quin
402 1501 547 1549 causam
572 1474 835 1573 investigemus.
861 1474 1064 1573 Numqudm
1077 1478 1188 1575 pettit

111 1576 152 1640 nir
170 1571 350 1647 obediens.
376 1573 413 1648 S.
437 1570 635 1673 Phiiippus
656 1574 789 1648 Nerius
814 1571 1040 1658 affirmatas,
1086 1575 1182 1670 uod,

110 1670 165 1767 qui
182 1685 286 1769 paret
302 1670 531 1746 confessario
550 1725 560 1758 ,
582 1698 733 1747 securos
754 1674 802 1744 sit
820 1671 866 1745 de
889 1697 966 1745 uon
994 1598 1185 1750 rediendo

109 1770 284 1843 actionum
297 1797 448 1844 suarum
461 1770 539 1844 Deo
556 1772 698 1846 ratione
713 1771 780 1943 bh
791 1772 863 1843 vitu
878 1769 905 1844 Ι.
927 1797 957 1845 t.
971 1794 1006 1846 c.
1023 1778 1115 1863 so).
1134 1774 1185 1850 Et

40 1877 41 1884 ’
107 1884 221 1942 contra
238 1872 277 1944 S·
301 1870 462 1945 Ioannes
477 1873 496 1941 b
511 1870 633 1944 Cruce
661 1876 717 1973 eje
747 1882 807 1958 at,
831 1895 909 1942 non
936 1869 1046 1943 inniti
1073 1869 1185 1947 dictis

40 2047 41 2050 Ἴ
106 1964 341 2060 confessarii,
373 1967 547 2065 superbio
586 1984 676 2056 est,
710 1983 748 2045 et
790 1966 877 2042 iidei
910 1967 1185 2047 inobservantis

40 2063 41 2134 ἒ
108 2069 123 2164 (
132 2065 241 2141 Tratt.
260 2066 361 2142 delle
374 2067 487 2168 Spine
501 2067 591 2145 coil.
606 2071 642 2164 d.
656 2072 687 2170 §.
700 2096 734 2144 2.
749 2091 787 2141 n.
801 2071 837 2142 8.
852 2074 880 2163 ).

40 2215 41 2218 =
145 2165 202 2264 96
225 2165 658 2339 Deniffiobconfessorius
673 2179 777 2243 curet
796 2192 827 2239 r.
845 2165 945 2267 soepb
959 2166 1094 2268 saepibs
1108 2166 1183 2242 col·

106 2259 299 2363 loquieom
362 2266 551 2365 ejusmodi
572 2270 776 2367 poenitente
794 2263 840 2337 de
856 2267 969 2339 nimir
987 2266 1183 2342 confiden-

104 2365 169 2453 tis,
185 2391 302 2465 quom
325 2364 461 2439 babere
481 2364 660 2441 debemus
676 2367 717 2440 in
733 2367 862 2440 Jesum
886 2363 1092 2454 Christum,
1117 2368 1184 2467 qui

105 2478 247 2563 propter
263 2480 429 2538 nostram
446 2462 601 2538 salutem
615 2479 783 2539 mortuus
797 2476 875 2536 est:
895 2477 933 2536 et
946 2466 984 2536 in
1005 2468 1085 2563 ejus
1098 2465 1134 2538 S.
1144 2466 1183 2540 S.

106 2560 252 2637 Matrem
270 2619 280 2652 ‚
295 2588 379 2662 quse
397 2576 471 2636 tom
492 2578 622 2663 potens
639 2578 720 2654 est,
741 2577 778 2637 et
794 2562 854 2661 piu
875 2587 961 2635 cum
978 2563 1020 2634 iis
1037 2615 1046 2649 ,
1066 2564 1133 2662 qui
1150 2564 1186 2638 ei

105 2684 139 2732 se
155 2663 443 2744 commendant:
462 2660 563 2738 unde
576 2685 664 2735 eum
675 2660 846 2736 hortetur
857 2659 905 2734 nd
921 2660 1118 2735 vivendum
1132 2688 1187 2737 se·

106 2782 228 2835 curum
246 2761 294 2833 de
307 2788 372 2835 sua
388 2758 507 2834 salute
520 2818 530 2852 ‚
541 2785 687 2859 semper
702 2766 746 2834 bo
766 2757 813 2831 od
827 2759 955 2834 Jesurn
969 2758 1158 2833 Christum
1171 2819 1186 2849 ,

104 2869 137 2929 'et
155 2860 308 2933 Mariam
329 2858 512 2956 confugit:
533 2859 631 2934 'certe
646 2861 746 2934 enim
765 2857 836 2958 ipsi
853 2858 1065 2938 exaudiunt.
1085 2883 1119 2932 2.
1134 2861 1185 2934 Ei

102 2957 312 3055 probibent,
336 2956 537 3058 quominus
554 2958 651 3059 legat
667 2957 807 3045 libros,
825 2953 893 3057 qui
911 2957 1106 3058 scrupulos
1125 2983 1187 3062 ex·

40 3127 41 3140 ,
104 3054 210 3130 citent
226 3071 287 3144 ;et
305 3053 507 3158 quominus
530 3072 696 3132 versetur
712 3082 800 3131 cum
819 3054 1067 3157 scrupulosis;
1091 3073 1128 3130 et
1153 3056 1187 3132 si

40 3207 41 3244 ;
106 3155 180 3251 quis
207 3157 279 3231 erit
300 3156 411 3231 nimis
433 3157 610 3327 aufustiis
633 3156 811 3243 effectus,
831 3156 864 3227 ei
891 3169 1004 3240 vetet,
1025 3181 1072 3228 ne
1097 3182 1186 3230 con·

40 3261 41 3350 ᾗ
107 3250 270 3328 sionibus
288 3268 427 3329 terrore
459 3257 579 3354 penis
599 3255 841 3342 interveniat,
859 3270 896 3328 et
920 3279 967 3328 ne
991 3254 1189 3329 conscien-

40 3367 41 3444 t
106 3351 184 3425 bom
209 3353 395 3428 examinet
417 3352 465 3428 de
480 3356 523 3428 iis
549 3353 688 3440 rebus,
708 3351 756 3428 de
778 3351 913 3454 quibus
940 3354 1188 3452 scrupulum,

40 3535 41 3558 Χ
106 3447 165 3521 sed
183 3450 482 3527 irrationabiliter
493 3450 617 3550 habet.
637 3454 673 3528 3.
690 3451 728 3525 Si
746 3452 946 3549 scrupulus
963 3454 1129 3527 conserit
1146 3453 1189 3525 in

40 3563 41 3618 s
107 3548 229 3623 timore
249 3551 357 3623 maiis
373 3550 657 3650 cogitationibus
677 3549 899 3625 essentiendi
922 3551 986 3648 (r.
1004 3576 1037 3649 g.
1058 3567 1189 3623 contre

40 3705 41 3710 ,
107 3644 237 3742 fidem,
259 3653 484 3765 puritatem,
502 3665 567 3725 out
583 3650 799 3724 charitatem
816 3648 850 3743 ),
870 3647 1121 3724 Confessrrius
1141 3649 1190 3720 sit

40 3763 41 3840 j
109 3739 243 3820 liberet
261 3749 469 3849 intrepidus
485 3749 525 3822 in
544 3747 846 3851 parvipendendo
864 3773 966 3836 eum,
985 3760 1023 3820 et
1037 3747 1075 3818 iu
1097 3771 1190 3820 esse-
1244 3801 1248 3809 .

40 3867 41 3938 ς
108 3845 219 3918 rendo
233 3847 425 3946 poenitenti
441 3905 450 3939 ‚
465 3847 531 3922 hes
548 3852 787 3946 cogitationes
795 3872 874 3921 esse
888 3847 923 3920 ei
937 3871 1087 3946 prunas,
1112 3869 1191 3918 non

40 3945 41 3974 ³
110 3958 224 4019 autem
240 3972 440 4021 consensus
454 4003 464 4037 ‚
480 3973 548 4022 nec
561 3961 724 4047 percute.
744 3948 793 4021 Et
805 3948 844 4020 in·
858 3947 930 4018 boc
947 3943 1132 4044 praecipue
1148 3955 1191 4017 ut

109 4039 353 4119 Confessarius
364 4055 497 4120 ututur
508 4045 572 4119 itte
588 4045 739 4147 reguli,
756 4071 866 4148 quem
885 4045 1070 4142 assignant
1084 4043 1128 4117 D.
1144 4043 1190 4116 D.

40 4181 41 4264 ζ
108 4136 207 4238 (libi
225 4144 263 4234 6.
287 4169 328 4235 ιι,
346 4143 483 4251 476.)ἓ
500 4144 631 4252 qum²
648 4169 738 4228 oum
757 4167 917 4247 persone
937 4156 993 4232 ort
1011 4141 1193 4219 timorate
