2942 4717
40 251 43 324 ,
138 217 143 232 .

40 327 42 406 l

411 218 618 314 §tvmro
634 220 759 296 tostas
775 218 940 290 oncino.
1178 219 1223 294 it

143 337 241 428 Sacro
256 333 473 410 interessent
490 389 499 421 ,
514 336 748 410 Sacramenta
762 333 1037 432 frequentarent
1052 386 1062 416 ‚
1090 358 1222 434 pravos

39 427 40 468 ³
149 437 272 525 socios,
291 451 327 508 et
352 459 530 535 personas
556 433 712 507 alterius
731 433 838 507 seriis
854 434 1033 507 vitarent?
1046 429 1141 508 Item
1159 458 1223 508 eus

38 537 41 610 ἶ
149 533 355 628 interroget,
380 534 410 606 ai
430 531 607 616 seandalo
632 532 782 605 luerunt
799 532 872 606 illis
889 588 897 615 ,
916 532 955 606 in
975 557 1102 606 eorum
1123 555 1223 632 prte-

37 695 38 698 ,
145 632 244 705 sentia
266 629 565 731 ‚blasphemando
586 630 682 705 ete?
703 630 742 703 si
770 630 815 703 de
845 630 1052 704 excessibus
1067 655 1129 703 eos
1145 655 1224 705 non

144 731 403 829 corripuerim,
430 747 468 803 et
497 728 683 831 praecipui
699 730 738 804 si
768 728 911 831 aliquid
933 729 1043 804 iurati
1064 730 1139 804 sint
1154 730 1170 802 i
1185 730 1225 807 si

147 831 386 929 permiserint,
405 843 447 945 ut
463 830 591 950 sponsi
604 854 757 906 auarum
773 829 929 903 filiarum
948 829 1103 906 domurn
1116 852 1224 902 acce·

123 980 126 985 -
153 926 257 1000 derant
269 927 286 1001 i
298 931 349 1014 Et
359 944 618 1024 potissimum,
635 927 666 1000 ai
682 929 776 1002 lilios
792 954 919 1002 aecum
930 928 969 1001 in
986 926 1114 1001 eodem
1128 924 1224 1002 lecto

148 1026 368 1114 retinuerint;
389 1041 453 1100 aut
466 1028 710 1129 permiserint,
728 1040 769 1100 ut
783 1027 889 1198 pueri
905 1041 942 1100 et
958 1025 1094 1127 puellae
1110 1022 1227 1100 aimirl

145 1122 367 1200 dormirent?
388 1125 481 1199 Item
502 1127 532 1200 ai
550 1125 742 1199 omiserint
763 1128 936 1200 nimenta
956 1128 1158 1202 necessaria
1179 1124 1227 1197 fi-

137 1218 188 1294 liis
206 1222 413 1299 ministrare
433 1223 453 1297 l
475 1225 512 1298 si
536 1221 657 1298 modia
681 1223 831 1320 injustis
848 1217 1034 1325 coegerint
1063 1223 1160 1297 filios
1177 1219 1226 1296 ad

137 1335 260 1400 statum
288 1322 927 1424 matrimonialemsuscipiendum,
953 1322 1011 1397 rel
1039 1337 1081 1397 ut
1104 1321 1228 1396 Sacris

135 1418 390 1518 initiarentur,
410 1436 473 1496 aut
497 1421 662 1524 aliquam
680 1423 908 1522 Religionem
935 1421 1039 1497 inriti
1053 1420 1228 1521 ingrede-

134 1534 255 1596 rentur
267 1520 287 1592 i'
301 1546 388 1592 nam
405 1519 479 1598 lroc
491 1536 639 1618 agentes
653 1526 807 1622 grauiter
823 1537 991 1622 peccant
1006 1517 1078 1594 Sed
1092 1521 1137 1594 de
1154 1518 1227 1596 hoc

133 1632 305 1787 parentes
332 1618 457 1719 plures
483 1620 633 1693 nullum
661 1617 731 1690 sibi
759 1618 979 1720 scrupulum
1006 1613 1167 1705 saciuirt,
1191 1630 1229 1691 et

161 1717 219 1816 inc
234 1716 327 1790 filiis
345 1717 553 1813 pernicies,
570 1732 607 1791 et
618 1716 797 1794 Ecclesiae
814 1718 1014 1792 maximum
1028 1713 1229 1792 detrimen«

130 1827 209 1888 turn
228 1816 379 1889 evenire
392 1816 499 1891 solet.
513 1819 717 1915 lnterroget
731 1819 839 1889 etiarn
858 1817 1029 1892 dominos
1043 1871 1054 1904 ,
1069 1816 1100 1889 ai
1117 1816 1232 1894 famu·

130 1910 186 1987 los
203 1940 292 1987 suos
311 1916 584 2011 corripuerint,
606 1943 690 1990 cum
709 1914 1019 2015 blasphemabant
1031 1928 1118 2005 ,aut
1133 1935 1229 2015 prte-

129 2028 236 2110 eepto
264 2013 435 2088 Pascbali
459 2041 534 2088 non
557 2014 852 2099 satisfaciebant,
871 2032 932 2090 aut
946 2016 1057 2090 Sacro
1076 2038 1152 2086 non
1173 2013 1231 2088 in·

26 2195 27 2206 2
128 2122 314 2202 tererent,
336 2127 399 2185 aot
419 2110 613 2189 inhoneste
633 2112 906 2215 loquebantur,
931 2110 1118 2229 precipue
1136 2137 1230 2186 rues·

126 2208 208 2293 eis,
239 2227 279 2284 et
311 2210 505 2286 vindemiae
540 2212 795 2308 temporibus;
825 2214 976 2288 Domini
997 2236 1119 2303 emm,
1138 2234 1232 2288 cutm

25 2321 26 2330 ’
127 2325 308 2407 possunt,
324 2324 501 2385 tenentur
516 2310 901 2411 irn'pedirescandala,
918 2336 1001 2411 quae
1019 2325 1110 2385 tuno
1125 2334 1230 2386 eom·

126 2407 341 2483 mittuntur.
363 2411 568 2508 Interroget
583 2411 693 2488 etiam
707 2413 820 2499 viros,
840 2412 872 2485 si
885 2410 1035 2483 familie
1052 2408 1231 2484 elimenta
1324 2462 1326 2468 -

25 2561 26 2586 t
128 2508 422 2584 ministraverint
439 2509 609 2584 i'Uxoras
624 2566 633 2595 ,
650 2511 678 2584 si
697 2510 796 2581 viros
809 2508 857 2582 ad
875 2507 1121 2608 blasphemias
1137 2532 1231 2605 pro·

25 2601 26 2694 ζ
126 2606 358 2690 vocaverint,
379 2620 416 2680 et
429 2607 460 2679 si
479 2632 540 2680 eos
559 2606 686 2680 debito
711 2607 973 2682 matrimoniali
993 2604 1232 2680 defraudare·

126 2706 231 2777 rint?
255 2703 474 2805 plerumque
500 2705 545 2779 de
572 2705 642 2780 boc
669 2706 943 2804 interrogentur
967 2730 1120 2794 uxores,
1142 2703 1230 2802 quia

124 2802 318 2888 multoties·
330 2820 488 2904 ,propter
503 2804 575 2878 hoc
590 2803 712 2879 solum
735 2806 983 2895 damnantur,
1004 2805 1097 2880 etin
1116 2828 1233 2877 cauni

125 2917 236 2987 sunt,
252 2929 320 2975 cur
337 2907 446 2976 etilm
466 2905 531 2978 viri
549 2902 771 2982 damnentur
789 2961 796 2986 ,
813 2904 879 3005 qui
894 2961 902 2984 .
923 2930 1009 2982 cum
1034 2899 1229 2977 observent

126 2999 197 3075 sibi
213 3000 405 3100 denegari,
452 3002 523 3076 uod
541 3001 698 3079 debetur
711 3067 716 3084 ,
730 3004 776 3077 ad
795 3002 899 3075 mille
915 3001 1052 3076 scelera
1061 3000 1232 3077 effrenati

128 3098 325 3178 decidunt;
351 3029 603 3176 Nitrllomints
627 3102 667 3178 iu
693 3103 764 3177 bac
792 3103 1080 3201 interrogatione
1106 3098 1228 3175 verbis

128 3197 442 3288 modestioribus,
463 3200 643 3300 quontltru
667 3202 745 3277 fieri
775 3201 926 3298 poterit,
955 3214 1104 3290 utetur,
1127 3196 1232 3272 verbe

130 3323 183 3396 gr.
200 3299 259 3371 Es
268 3297 438 3372 obedrtns
452 3315 511 3372 tuo
531 3301 600 3370 viro
617 3301 724 3373 en'dm
738 3307 779 3372 tn
789 3300 892 3374 rebus
902 3301 955 3372 od
961 3296 1230 3374 Memnonem

124 3396 363 3495 spectantibus
378 3396 398 3468 l·
410 3413 472 3469 out
485 3395 735 3486 hobesforsan
752 3400 903 3497 ediquem
922 3396 1148 3490 scrupulum,
1168 3393 1233 3493 qur·

127 3510 163 3568 te
182 3494 320 3570 mordet
334 3496 425 3572 circo
447 3495 746 3572 Matrimonium?
764 3496 838 3572 sed.
857 3496 934 3571 haec
962 3493 1227 3594 interrogatio,

130 3589 172 3666 iit
195 3592 424 3690 plurimum,
454 3595 647 3670 omittatur
675 3623 761 3670 cnm
783 3595 985 3687 uxoribus,
1012 3619 1095 3695 qute
1119 3590 1230 3669 ritem

126 3692 363 3790 spiritualem
383 3694 617 3792 profitentur.

180 3789 242 3865 36.
261 3792 432 3886 CirneV.
453 3793 670 3891 Praeceptum
690 3794 888 3891 interroget
909 3791 1147 3889 poenitentem
1168 3789 1229 3875 ‚st

132 3888 288 3988 aliquod
314 3916 420 3989 grave
446 3890 627 3982 damnum
652 3898 818 3991 proximo
839 3892 1078 3992 appetiverit,
1098 3903 1165 3962 out
1181 3887 1236 3964 de,

130 3981 233 4061 illius
250 3990 385 4062 damno
401 3989 689 4065 seoblectarerit
701 3992 717 4063 Ρ
729 4006 764 4065 et
786 3992 846 4064 liic
866 4003 1016 4070 notetur
1031 3986 1177 4091 ,quod,
1196 3989 1239 4062 si:

132 4085 268 4189 aliquis
288 4115 354 4178 eno
373 4090 528 4168 inimico
549 4088 692 4180 ditono
710 4088 809 4175 mala
823 4089 1075 4195 exoptarent,
1096 4114 1152 4184 ex.
1170 4113 1238 4187 gr,
