2942 4717
1027 136 1045 167 χ

305 246 318 261 ”
417 230 470 298 Ex‘
484 224 634 323 operibus
650 227 816 300 Benedicti
833 221 925 297 XIV.
1142 222 1208 312 509·

159 336 199 404 ln
222 337 306 405 Bull.
332 334 551 409 Ecclesiastico
575 340 752 407 ministeria
774 335 894 404 Bullar.
920 336 1015 403 Tem.
1040 337 1083 403 ll.
1107 356 1142 403 n.
1160 338 1205 404 X.

114 424 250 493 mandat
264 426 414 511 Pontifex
430 429 464 492 in
482 425 748 513 resignationibus
757 423 989 491 beneficiorum
1000 472 1010 510 ,
1021 441 1059 489 ut
1071 427 1210 510 resigna·

116 511 214 581 tisin'
227 512 505 579 mauul’ontifiois
525 512 709 587 beneficiis,
733 527 766 579 et
781 511 822 576 ab
839 508 897 576 illo
919 511 1083 586 admissis,
1111 528 1209 601 atque

44 654 51 663 .
113 587 259 676 vicissim
275 600 418 666 admissis
433 621 528 689 super
543 616 581 665 eo
592 597 853 750 provisionibus,
872 596 1135 686 dispositionibus
1144 614 1208 681 etet

118 677 234 747 littere
249 687 358 769 gratie
382 686 513 772 signetae
534 686 600 751 intr
638 707 693 751 sex
716 704 840 750 menses
865 685 908 771 itu
918 683 1154 773 perficiantur,
1171 697 1211 750 ut

117 767 338 835 intrlt'eosdem
354 775 504 837 mensesb
519 794 609 838 novo
624 773 757 861 proviso
771 770 924 860 possessio
940 768 1088 837 beneficii
1106 771 1210 859 capia·

32 879 39 892 ’
114 867 192 939 tur,
212 857 239 920 si
263 859 342 941 vero
357 857 517 923 beneficie-
527 854 586 922 illa
608 872 683 923 sunt
700 855 784 922 utut
800 871 923 921 montes
940 903 950 939 ,
967 872 1120 946 prorogat
1140 872 1210 921 ter-

113 940 244 1010 minum
268 943 364 1009 istum
389 944 551 1035 usquead
575 960 693 1010 novem
718 965 842 1007 menses
860 942 979 1021 ltdate
996 942 1209 1011 concessionis

116 1027 456 1112 gretia'nnmerandcs.
473 1028 539 1097 Ubi
548 1029 725 1118 verdiastis
738 1030 781 1094 de
792 1030 892 1094 causis
905 1029 1092 1118 prorogatio
1101 1025 1210 1118 aliqua

113 1111 319 1202 postulatur,
342 1117 525 1216 permittit,
551 1130 588 1181 ut
614 1117 709 1181 docto
739 1116 829 1205 prius
848 1112 943 1179 officii
962 1113 1145 1181 subdatarii
1168 1114 1211 1180 de

111 1197 320 1286 Apostoloels
331 1198 640 1292 htteris'expe'ditis,
657 1198 714 1267 'fiat
728 1198 914 1291 prorogatio
925 1203 1029 1290 prima
1045 1217 1077 1266 et
1093 1222 1212 1272 secun-

111 1282 156 1349 da
172 1286 267 1370 vice,
283 1284 450 1355 ulteriores
462 1310 572 1353 omnes
583 1285 684 1354 tollit.
696 1288 779 1354 Etsi
794 1286 974 1373 legitimum
991 1286 1210 1376 impedimen·-

112 1385 187 1435 tum
203 1393 405 1461 perseverare
430 1372 658 1440 concludentes
674 1373 945 1463 apud'Datarium
960 1371 1131 1463 probatum
1147 1374 1210 1455 sit,

108 1454 252 1523 incultas
263 1459 449 1545 sitDntario
462 1475 510 1527 tot
519 1458 686 1526 ulteriores
699 1460 944 1549 prorogationes
959 1458 1155 1525 concedendi
1169 1458 1215 1525 ad

112 1546 343 1643 exequendum
354 1542 475 1613 litteras
484 1543 702 1635 Apostolicas‚
717 1561 797 1636 quot
805 1546 987 1611 necessariae
998 1561 1072 1610 sunt
1087 1545 1128 1610 ad
1144 1545 1212 1610 im·-

110 1629 295 1720 pedrmenti
318 1634 540 1698 remotionem.
565 1629 701 1698 Sublato
724 1633 803 1698 verd
833 1632 878 1696 sic
896 1632 1156 1720 impedimento,
1183 1632 1212 1697 si

110 1713 331 1793 nibilominits
346 1734 566 1806 perseveretur
574 1718 609 1783 in
621 1717 801 1784 differenda
811 1718 1001 1784 executione
1015 1714 1210 1804 litterarum,

114 1799 307 1889 Apostolica
322 1819 400 1868 tunc
415 1805 518 1956 {retia
533 1801 622 1869 nulla
639 1820 667 1870 et
685 1806 775 1871 irrita
792 1819 949 1870 censetur.

95 1936 97 1951 .
158 1887 194 1953 Si
203 1888 418 1956 beneficnmo
443 1891 548 1957 tinens
559 1889 632 1957 Reli
668 1913 762 1956 onem
779 1890 999 1978 ingrediatur,
1014 1888 1210 1956 beneficium

108 1986 224 2039 temen
236 1997 306 2040 nou
316 1992 408 2043 vacat
421 1977 483 2043 nisi
498 1908 824 2067 perproltlssionem,
842 1993 985 2066 tempore
1000 1982 1078 2042 vero
1093 1975 1150 2041 illo
1163 1977 1212 2041 in·

111 2062 274 2126 termedio
301 2062 385 2129 inter
411 2064 587 2151 ingressum
610 2079 643 2129 et
664 2064 895 2155 professionem
921 2064 1028 2153 qudad
1054 2061 1231 2140 beneficia¹

24 2183 26 2188 .
112 2146 338 2234 curate-debet
351 2149 530 2240 Episcopus
547 2150 687 2241 idipsum
704 2172 818 2236 agere,
831 2150 918 2241 quod
919 2164 1115 2322 (praestaret,
1135 2170 1211 2214 cum
1299 2179 1303 2188 ·

110 2231 276 2322 parochus
301 2235 531 2324 impedimento
551 2233 662 2328 uliqtro
684 2237 894 2303 detineretur.
952 2237 1036 2303 udad
1052 2235 1210 2301 beneficia

24 2345 26 2362 <
112 2319 197 2399 nero
213 2318 358 2405 choralis
379 2320 497 2389 relictis
519 2324 628 2412 tyroni
646 2316 796 2409 religioso
810 2323 909 2412 ipsius
925 2322 1075 2388 beneficii
1091 2323 1212 2403 fructi-·

111 2401 201 2487 bus,
220 2406 261 2472 de
276 2407 557 2476 distributionibus
572 2411 616 2476 itt
633 2409 770 2483 stetuet,
789 2425 825 2474 ut
839 2412 910 2499 jura
925 2408 1147 2498 proscribunt.
1173 2407 1211 2474 Si
1292 2472 1296 2479 .

24 2549 25 2552 ,
109 2490 427 2562 forteheneuciaue
440 2493 643 2581 Religionem
667 2496 889 2581 ingressurus,
905 2493 1097 2561 beneficium
1116 2512 1212 2559 suum

111 2576 315 2653 dimitteret,
337 2602 408 2670 quae
424 2581 630 2665 renunciatio
651 2581 779 2648 admitti
797 2579 838 2645 ab
862 2581 1022 2671 Episcopo
1046 2597 1151 2668 posset
1167 2601 1210 2645 ex

114 2665 249 2730 constit.
280 2664 333 2733 58.
351 2667 385 2733 S.
405 2666 455 2732 Pii
478 2666 615 2734 Vz'sirb
634 2690 704 2735 enm
727 2667 1003 2735 renunciationem
1027 2666 1146 2733 laceret
1169 2667 1214 2733 ad

111 2753 263 2819 uenires
275 2754 389 2842 cepitis
403 2753 495 2822 XVI.
506 2753 590 2823 Sess·
604 2752 1075 2839 25.=Concil.·Trid.;deRegnl.
1092 2750 1212 2819 nihilo-

24 2881 25 2884 *
112 2834 226 2902 minius
239 2838 274 2902 in
292 2861 444 2929 suspenso
460 2836 758 2907 remaneredebenr
780 2861 816 2905 ea
833 2838 1009 2926 beneficis,
1026 2861 1087 2904 nec
1103 2853 1211 2929 posset

114 2918 176 2991 illa
192 2920 447 2991 attestemur-re
460 2927 576 3016 Episco
623 2950 655 3014 s,
672 2926 823 3015 uisi'post
837 2926 986 2991 faetent
1002 2927 1214 2993 renunciante

24 3045 26 3062 1
113 3005 291 3075 solemnem
306 3012 549 3102 professionem.
573 2949 622 3079 'lrl
651 3015 686 3079 in
710 3011 826 3079 litteris
839 3013 885 3078 ad
901 3010 999 3079 Cerd.
1020 3012 1212 3100 Quirinumr

24 3143 25 3146 κ
109 3092 236 3162 Buller.
253 3096 347 3163 Tem.
365 3098 407 3165 ll.
422 3121 514 3163 num.
530 3099 638 3165 XXV.
815 3124 818 3157 z
963 3100 967 3109 '

156 3181 305 3249 vetitum
317 3199 368 3250 -est
381 3186 477 3250 etitem
487 3186 704 3252 Beneficieriis
719 3184 881 3281 subpone
897 3186 1211 3253 excommunicatio-s

24 3309 26 3347 3
112 3268 167 3334 nis
189 3268 201 3332 i
227 3278 261 3335 so
277 3269 362 3335 facto
381 3271 603 3357 incurrendae,
627 3284 659 3338 et
674 3270 835 3338 nullitatis
851 3272 958 3348 actds,
978 3274 1147 3355 vendere,
1171 3294 1210 3338 uc

107 3353 212 3437 ‘distre
239 3376 291 3421 ere
315 3356 437 3422 reditus
458 3365 589 3423 suorum
612 3359 846 3442 Beneficiorum
873 3358 914 3424 ad
940 3360 1064 3434 vitam,
1084 3356 1146 3422 ¹vel
1173 3359 1212 3423 in

113 3435 249 3526 longum
267 3455 412 3532 tempus,
430 3458 557 3534 recepta
568 3443 615 3509 ab
630 3460 776 3533 emptore
788 3466 956 3533 peonnam
969 3442 1022 3509 vel
1030 3462 1089 3533 per
1100 3441 1211 3532 plures

112 3521 290 3593 solutiones
304 3529 515 3617 pecuniarum
531 3531 732 3619 quintitete,
757 3553 852 3620 quam
869 3531 931 3619 ipsi
951 3530 1134 3595 Beneficinti
1151 3550 1215 3619 per

112 3611 257 3699 spatium
272 3614 491 3701 ejusdsmttem
539 3616 600 3697 ris,
618 3614 669 3680 vel
685 3616 784 3681 totius
800 3617 877 3680 niue
898 3662 900 3671 ,
925 3615 1110 3681 robabilitcr
1124 3638 1210 3680 con·-

111 3699 204 3849 εἸςφιί
222 3699 412 3847 potuissent.
540 3700 895 3770 Uulvttttsfflsttc
951 3701 1072 3768 ESIAE.
1087 3699 1210 3769 Bullairr

115 3800 463 3851 vomam-um.
634 3816 700 3837 ·'
969 3814 973 3821 '

119 3914 141 3937 ,ι
159 3807 545 3954 Tituloseineficiorum
569 3896 643 3939 cum
670 3871 795 3940 occultu
813 3871 1047 3958 inhabilitate,
1066 3870 1117 3939 vel
1142 3873 1212 3939 alio

97 3952 243 4022 occulto
258 3956 342 4023 vitio
352 4003 363 4042 ‚
373 3956 432 4024 trel
452 3961 549 4026 etiam
568 3960 603 4025 in
619 3959 786 4027 Concunsu
802 3957 887 4025 made
903 3958 1106 4024 obtentorum
1121 3978 1211 4024 con«

113 4038 261 4111 validm
272 4043 320 4108 fas
334 4042 871 4136 estgmajoril'cenitentiariotllulln
881 4044 1050 4112 PASTOR
1057 4044 1213 4129 BONUS,

111 4126 373 4203 Butes-uorem
383 4133 588 4220 emanent
595 4134 702 4224 soced
712 4135 749 4202 in
762 4131 1215 4229 convalidutione3tittdorum,
1236 4136 1240 4142 ’
