2942 4717
297 194 361 265 286
535 172 537 181 .
618 196 761 266 Examen
782 196 1059 268 ordinandorum.

248 322 251 328 '
293 308 408 410 aliqui
422 308 570 382 dicunt:
586 310 775 384 sufficiunt
789 326 913 385 tamen
939 338 1010 385 una
1035 321 1195 410 separata
1212 308 1353 390 etaltera

295 407 482 505 duplicata
499 413 513 494 (
529 436 568 481 n.
593 409 665 506 374
683 424 718 481 et
737 407 823 508 375.
843 414 858 502 )
903 438 908 445 ⁴

342 508 554 604 Requiritur
573 509 618 581 ΙΙ.
637 508 759 593 Galia,
777 522 813 580 et
826 521 959 602 patena
979 520 1199 579 consecrata.
1217 509 1355 582 Execra-

235 644 282 698 ιη
294 618 354 678 tur
373 622 492 677 entem
512 606 623 688 calix,
642 607 671 677 si
687 605 897 678 notabiliter
915 606 1095 701 frangitur
1110 610 1146 675 in
1165 632 1278 704 cuppa
1291 663 1298 697 ‚
1311 606 1356 683 rel

293 705 323 776 si
349 705 387 775 in
412 702 527 776 fundo
550 703 776 803 perforetur3
796 714 870 776 non
889 702 977 775 verb
989 706 1019 776 si
1036 718 1161 802 pereat
1178 707 1252 802 ejus
1267 707 1358 778 inau-

293 809 408 886 ratio,
429 801 471 874 itt
492 802 741 900 probabilius,
766 820 803 878 et
822 806 1069 875 communiter
1096 802 1358 899 docent‘Lugo,

293 901 399 974 Suar.
419 901 515 1000 Sylv.
535 903 677 974 Tourn.
701 903 826 1000 Laym.
846 914 926 973 etc·
940 901 1037 974 Hinc
1058 896 1279 999 probabilius
1295 916 1359 987 est,

294 999 448 1072 calicem
457 999 503 1073 de
516 1025 607 1070 noro
618 1002 828 1071 inauratum
837 997 1081 1093 noniudigere
1093 1000 1184 1070 nova
1195 1000 1360 1071 conseera-

293 1098 405 1170 tione.
419 1110 473 1192 (r)
494 1098 688 1171 Celebrare
703 1113 825 1169 autem
848 1100 886 1169 in
909 1095 1023 1170 calice
1040 1100 1245 1196 numquim
1263 1094 1362 1168 deau-

293 1211 399 1282 rato,
419 1194 645 1294 probabilibs
662 1210 717 1268 est
735 1218 813 1269 esse
832 1195 1022 1283 illicitum,
1044 1194 1111 1266 sed
1134 1220 1208 1266 non
1227 1195 1293 1265 nisi
1310 1220 1364 1266 re·

294 1295 469 1380 nialiter,
488 1293 530 1367 iit
549 1295 680 1368 dicunt
692 1297 786 1391 Lug.
806 1310 843 1366 et
856 1296 997 1367 Tourn.
1017 1293 1113 1364 Cum
1132 1291 1365 1391 calixsepura·

294 1407 359 1466 tur
375 1397 394 1466 t
444 1393 535 1482 ede,
554 1394 688 1466 amittit
706 1394 832 1490 ntique
851 1392 1186 1480 consecrationem,
1207 1391 1242 1462 si·
1259 1417 1363 1489 cuppa

295 1507 350 1569 est
365 1422 448 1604 pedi
459 1493 550 1564 fixa:
569 1491 675 1564 secirs
693 1493 722 1564 si
739 1516 801 1590 pes
817 1505 872 1564 est
889 1490 1090 1576 tornatilis,
1111 1503 1146 1562 et
1165 1489 1210 1561 de
1224 1514 1259 1563 se
1273 1515 1363 1588 sepa·

295 1588 421 1671 rabilis
435 1590 475 1684 (l.
492 1588 567 1662 611.
582 1590 684 1689 370.)
697 1590 953 1664 communiter
966 1603 1090 1662 autem
1106 1587 1247 1661 docent
1257 1588 1367 1686 Laym.

294 1689 383 1761 Gar.
399 1688 539 1761 Tonrn.
553 1688 649 1760 Bon.
665 1690 781 1764 Ronc.
798 1705 868 1761 etc.
881 1687 1056 1786 Pyxidem
1073 1704 1150 1759 non
1164 1710 1239 1759 esse
1257 1710 1365 1758 conse·

295 1786 471 1860 crandam
487 1786 537 1883 (l.
559 1789 636 1861 611.
656 1785 766 1882 384.)
782 1785 981 1863 Dubitatur
996 1784 1101 1875 reri),
1120 1813 1168 1858 un
1188 1783 1311 1859 saltem
1329 1786 1368 1859 sit

239 1900 244 1915 '
296 1882 581 1960 benedicenda?
602 1885 744 1983 Negant
771 1883 1005 1959 communius
1028 1885 1131 1957 Sner.
1157 1883 1253 1982 Sylv.
1279 1889 1367 1956 baur.

296 1985 372 2056 Sot.
391 1997 462 2057 etc.
484 1983 602 2083 quue
621 2010 695 2056 non
711 1983 856 2057 videtur
874 1981 1119 2082 improbabile
1135 2008 1144 2069 ;
1166 1980 1232 2073 sed
1250 1979 1368 2080 probs-

297 2080 410 2154 biliirs
426 2081 608 2156 affirmant
623 2083 735 2157 Salm.
753 2082 894 2156 Tourn.
910 2097 946 2155 et
965 2082 1027 2156 alii
1042 2108 1130 2155 oum
1148 2078 1259 2154 Card.
1275 2082 1369 2153 Lam·

298 2180 443 2254 bertino
465 2181 559 2278 (qui
584 2193 706 2254 tamen
730 2181 967 2255 omissionem
994 2204 1070 2252 non
1099 2191 1248 2278 reputat
1274 2177 1367 2278 plus,

299 2283 410 2378 quarn
428 2277 567 2351 reniale
580 2281 615 2372 ),
634 2281 721 2378 qnia
733 2279 806 2352 boc
819 2292 874 2352 est
889 2275 1115 2351 conformius
1126 2274 1293 2351 Rubricae
1303 2275 1372 2351 Mis-

296 2378 402 2467 salis,
417 2380 488 2477 qud
503 2376 660 2466 dicitur;
676 2375 854 2452 Sacerdos
872 2377 1030 2451 hostiam
1045 2402 1113 2476 pro
1126 2375 1371 2449 commuuione

296 2477 386 2548 locet
399 2477 482 2547 antri
499 2476 640 2548 culicem
659 2530 669 2562 ,
688 2494 752 2550 out
763 2476 801 2549 iu
817 2476 1035 2574 ulique-rare
1051 2477 1183 2547 mundo
1197 2470 1370 2545 benedicto.

297 2574 348 2647 Et
364 2572 462 2647 idern
479 2572 681 2648 dicendum
698 2574 745 2647 de
762 2574 1103 2647 lunula·ostensorii
1118 2629 1128 2662 ,
1145 2573 1212 2645 ubi
1228 2573 1264 2644 in
1281 2592 1372 2669 expe

222 2700 225 2705 ¹
299 2672 495 2746 sitionibns
518 2673 634 2746 hostia
651 2673 857 2748 collocatur
870 2675 930 2770 (n,
945 2671 1054 2768 385.)
1070 2673 1210 2770 Requir
1226 2660 1286 2743 ΠΙ.
1301 2670 1373 2742 Vas·

298 2787 354 2844 tes
365 2794 494 2860 sacro,
512 2770 716 2846 benedictae
733 2771 778 2844 ab
791 2771 997 2871 Episcopo,
1011 2769 1070 2841 rel
1087 2770 1134 2842 ab
1145 2769 1218 2843 alio
1232 2768 1372 2841 habente
1415 2810 1417 2815 ·

299 2869 513 2944 facultatem
536 2874 556 2942 b
581 2872 770 2946 Pontifice.
798 2872 963 2944 Graviter
988 2885 1116 2967 peccat
1142 2871 1208 2969 qui
1234 2866 1374 2941 celebrat

230 3039 232 3043 .
302 2964 382 3042 sine
394 2966 478 3039 alba
493 3027 503 3053 ‚
517 2982 581 3040 aut
596 2968 712 3055 stola,
727 2983 791 3042 aut
804 2968 1018 3068 manipulo,
1037 2971 1101 3040 aut
1112 2994 1199 3041 curn
1215 2966 1298 3067 ipsis
1311 2986 1373 3035 non

302 3062 504 3139 benedictis
515 3069 604 3163 (nisi
617 3069 732 3164 gravis
746 3082 893 3141 excuset
901 3068 1139 3162 ‘necessitasn
1150 3064 1255 3138 secius
1268 3079 1373 3136 tamen
1431 3157 1432 3160 Ἴ

303 3165 431 3264 plnres
455 3167 535 3241 DD.
557 3192 632 3240 non
652 3164 948 3266 improbabiliter
968 3164 1099 3237 dicunt
1120 3166 1168 3237 de
1186 3162 1373 3238 celebrante

304 3265 385 3339 sine
405 3264 554 3363 cingulo
572 3321 582 3353 ,
606 3279 669 3339 aut
687 3267 822 3339 amictu
847 3269 862 3360 (
873 3291 913 3338 n.
930 3264 1036 3362 377.)
1053 3261 1185 3356 Qubed
1200 3257 1374 3360 cingulum

304 3362 502 3436 declaravit
526 3366 563 3435 S.
594 3365 712 3460 Cong.
737 3389 782 3436 22
799 3365 886 3437 Jan.
915 3385 1019 3461 ¹7⁰¹·
1042 3361 1277 3435 Sacerdotem
1298 3382 1374 3429 cona

305 3460 493 3561 grueutiirs
512 3463 564 3533 uti
579 3462 729 3560 cingulo
744 3461 866 3554 lineo,
888 3464 999 3562 quam
1018 3459 1168 3535 sericeo.
1184 3459 1310 3533 Vestes
1325 3479 1373 3524 au·

306 3574 380 3632 tem
404 3573 642 3644 execrantur,
663 3557 816 3660 quandiu
833 3586 941 3634 usum
960 3556 1193 3657 deperdunt,
1212 3552 1338 3653 nempi
1351 3547 1373 3622 si
1396 3652 1397 3655 Ἴ

200 3750 202 3753 ¹
306 3659 355 3731 nb
368 3657 451 3730 alba
472 3656 614 3731 manica
632 3657 884 3733 abscinditur:
899 3659 1112 3756 cingulum,
1133 3657 1163 3729 si
1179 3658 1229 3728 itt
1250 3649 1374 3746 rumpi-

228 3770 231 3777 “
305 3773 390 3841 tur,
405 3772 446 3829 ut
462 3773 590 3830 neutra
607 3771 708 3855 parte
729 3758 827 3855 cingi
853 3756 990 3855 possit:
1008 3755 1123 3840 stola,
1140 3756 1168 3828 si
1186 3780 1262 3826 non
1281 3746 1374 3851 possit

307 3856 487 3929 humeros.
499 3857 661 3952 operire;
675 3855 732 3928 rel
750 3857 778 3928 si
798 3881 880 3952 pars
896 3859 976 3952 ejus
993 3854 1043 3925 ita
1059 3852 1261 3935 scinditur,
1280 3845 1374 3921 utde·

260 3982 263 3989 ¹
309 3953 485 4052 perdatur
505 3954 642 4046 forma;
662 3981 730 4057 nec
745 3953 881 4051 sufficit
895 3974 975 4026 eam
989 3953 1186 4038 resarcire,
1209 3942 1374 4024 destructi

292 4089 294 4093 ,
698 4088 701 4093 ,

341 4177 384 4246 (ι)
400 4176 454 4231 sed
465 4177 527 4234 ride
538 4178 607 4238 hanc
622 4180 778 4251 opinionem
790 4187 941 4242 resecatam
953 4187 1018 4238 ton.
1033 4197 1048 4252 7
1061 4197 1120 4264 pag.
1134 4180 1193 4250 4⁸⁸·
