2942 4717
258 287 398 384 Capitol.
415 288 507 360 vm.
524 287 574 357 De
589 288 762 360 Prudentia
779 283 982 359 confessarii.
1096 291 1161 358 115

90 398 242 476 tionibus
260 408 445 478 veritatem
464 430 530 476 noa
556 402 778 478 docuissent.
801 401 1077 477 Tantummodo
1096 404 1160 478 hic

103 515 244 600 repetam
261 504 360 600 quod
377 505 546 596 superius
564 501 637 574 diri
654 528 693 573 u.
713 502 762 575 65
781 518 818 575 et
831 501 899 599 69,
918 530 1003 575 cnm
1020 504 1160 600 egimus

92 601 142 671 de
162 601 340 673 occasione
361 602 548 698 proxima,
569 598 673 699 quod
699 602 859 687 scilieet,
878 599 1029 700 quandia
1043 604 1161 697 agitur

34 769 35 790 ἶ
103 696 289 770 arctando
317 712 468 797 peccato
489 697 654 787 formali,
679 697 894 793 regulariter
909 699 1161 776 Confessariuo

103 797 186 891 requi
204 794 334 869 debeat
346 801 362 892 (
368 795 550 896 quantiam
566 798 675 887 licet)
692 798 888 869 sententias
906 797 1162 894 benigniores,-

100 917 170 964 ‚cnm
180 894 298 967 solum
310 908 503 993 peccatum
515 894 666 968 formale
679 896 724 966 sit
737 894 804 967 Dei
817 895 953 968 offensa
970 925 979 966 ε
997 910 1032 967 at
1043 922 1163 994 quan-

108 989 145 1061 dt
157 994 337 1088 opiniones
356 995 521 1090 benignae
535 1008 724 1091 exponunt
739 996 977 1090 poenitentem
996 996 1161 1089 periculo

106 1092 217 1186 peccati
244 1090 409 1163 formalis
425 1148 435 1176 ‚
452 1107 542 1165 tunc
559 1090 809 1165 Consensarine
832 1094 937 1191 aequi
954 1092 1062 1165 debet
1076 1097 1163 1191 opi·-

94 1188 207 1261 nionea
235 1189 455 1285 rigidiores,
483 1189 657 1288 quoniam
689 1189 768 1261 istae
794 1191 832 1261 iu
863 1190 934 1263 hoc
962 1217 1047 1263 casu
1073 1207 1164 1266 sunt

100 1286 192 1380 magis
213 1287 479 1385 poenitentibus
499 1291 686 1360 salutares.
716 1285 981 1361 Verumtamen
1009 1290 1162 1388 quandb

90 1387 259 1481 tpoeoiteua
270 1391 323 1460 uti
337 1387 448 1461 vellet
459 1384 584 1486 aliqud
594 1385 767 1483 opinione
783 1385 984 1484 probabili,
998 1407 1032 1459 et
1042 1388 1164 1461 aliun·

97 1481 133 1553 di
157 1485 224 1581 jam
250 1482 345 1556 soret
372 1485 597 1583 dispositus,
620 1500 709 1556 tunc
737 1499 883 1556 tenetur
911 1486 1162 1562 confessarius

92 1604 163 1653 eom
175 1580 363 1658 absolvero
376 1640 384 1670 ‚
396 1583 573 1679 quoniam
588 1582 978 1655 ratioueCoufosuionis
996 1588 1066 1681 jam
1082 1586 1165 1657 fac-

34 1709 35 1774 3
94 1694 149 1765 te,
165 1679 273 1753 habet
288 1685 469 1781 poenitens
485 1686 542 1777 jue
556 1694 696 1755 certum
716 1695 753 1753 et
769 1682 936 1753 strictum
957 1685 1003 1752 ad
1021 1683 1166 1757 absolu·

89 1780 233 1869 tionem,
260 1806 309 1853 ne
328 1796 478 1879 cogatur
501 1805 581 1852 cam
605 1779 769 1877 recipere
796 1778 843 1851 ab
869 1779 939 1851 alio
968 1780 1163 1854 Sacerdote

34 1937 35 1964 ᾖ
92 1901 165 1949 cum
191 1880 401 1975 gravissimo
428 1902 538 1950 onere
563 1876 751 1973 repetendi
767 1876 1053 1954 contessionem.
1073 1879 1163 1954 Haec

34 1999 35 2002 ’
92 1976 202 2072 opinio
216 1993 272 2050 eat
289 1977 515 2062 communia,
530 1974 706 2076 illamque
720 1974 919 2048 admittunt
932 1980 1040 2050 etiarn
1053 1979 1164 2052 multi

34 2111 35 2168 3
85 2073 255 2148 doctores
269 2075 450 2170 rigidioris
467 2073 672 2156 sententiar,
691 2073 730 2147 iit
749 2089 836 2147 snut
856 2076 1073 2159 Pontasrus,
1089 2076 1164 2147 Ca·

34 2177 35 2254 3
89 2168 280 2257 bassatius,
300 2174 480 2261 Victoria,
495 2188 531 2245 et
545 2172 728 2270 praecipue
743 2174 775 2244 S.
788 2174 1012 2252 Antoninus.
1029 2175 1163 2247 Videa-

89 2270 270 2443 inghbessg
291 2273 424 2372 inquo
449 2272 519 2347 hoo
540 2269 737 2372 probatum
755 2286 808 2344 eat
824 2270 993 2372 pluribus
1014 2274 1053 2345 in
1070 2273 1163 2348 locia

104 2418 113 2439 .
166 2397 202 2441 ιι.
322 2426 328 2441 .
830 2395 833 2406 ·

134 2471 208 2542 ιιό.
233 2372 358 2542 'l'ddtb
376 2469 489 2564 magia
504 2466 581 2542 boc
591 2468 707 2541 currit
728 2467 766 2540 iu
786 2492 870 2539 casu
887 2523 897 2557 ‚
916 2493 990 2567 quo
1005 2469 1164 2543 Confes-

89 2570 191 2639 rariua
203 2566 318 2641 vellet
336 2565 495 2662 obligare
512 2557 751 2665 poenitentem
771 2563 817 2637 ad
831 2566 992 2664 aliquam
1012 2570 1164 2640 restitu-

34 2667 35 2752 ἲ
88 2664 235 2751 tionem,
255 2665 304 2737 ad
320 2691 430 2759 quam
445 2670 512 2738 iate
531 2663 771 2763 probabiliter
785 2689 857 2735 non
876 2679 1060 2738 teneretur
1072 2673 1084 2754 l
1096 2666 1162 2741 [ὃ

84 2785 119 2833 n.
145 2762 355 2864 669).1mt
382 2764 453 2836 boc
483 2765 618 2848 currit,
635 2762 779 2836 etiamsi
806 2761 1057 2836 Confessariuu
1086 2791 1163 2840 non

34 2893 35 2948 3
86 2855 229 2935 baberet
246 2867 431 2960 tamquim
458 2860 575 2934 solide
596 2860 825 2960 probabilem
850 2862 1061 2959 opinionem
1079 2890 1163 2961 poe-

34 2961 35 3000 l
88 2961 252 3045 nitentis,
279 2976 316 3033 et
336 2961 514 3059 poenitens
541 2984 617 3032 non
642 2975 734 3034 erret
757 2959 879 3046 rudis,
897 2985 1053 3057 eamque
1075 2989 1163 3036 cum

34 3059 35 3062 ’
85 3056 158 3137 ¹aliis
172 3057 344 3158 gravibus
364 3056 583 3131 Ductoribus
603 3062 791 3158 tamquam
811 3057 1040 3155 probabilem
1056 3074 1163 3133 tene-

34 3165 35 3244 ῗ
86 3173 134 3229 ret
147 3217 156 3242 ‚
171 3162 218 3230 ita
239 3171 279 3231 ut
301 3158 481 3256 poenitens
503 3171 636 3228 rectam
652 3164 725 3251 jam
742 3156 812 3228 eibi
828 3155 961 3230 formet
974 3162 1164 3231 conscien-

87 3255 164 3328 tiam
183 3254 281 3330 beub
304 3254 492 3354 operandi.
516 3255 596 3327 Hoo
610 3319 612 3324 .
625 3269 744 3326 tamen
777 3254 1058 3351 intelligendum
1080 3274 1162 3341 est.

88 3352 229 3451 quandia
248 3353 375 3454 opinio
395 3352 604 3450 poeuitentis
626 3352 777 3424 baberet
800 3353 961 3451 aliquam
979 3360 993 3434 t
1003 3370 1043 3426 ut
1064 3354 1163 3451 dixi)

86 3452 377 3549 probabilitatem
391 3450 517 3523 saltem
536 3466 771 3550 apparentem
790 3474 799 3535 ς
820 3454 949 3524 namsi
967 3454 1163 3526 Confessa-

85 3551 154 3625 n'ua
168 3551 322 3625 haberet
338 3575 416 3622 eam
435 3548 474 3623 itt
493 3546 645 3626 omninb
662 3549 788 3622 salsam
804 3605 814 3636 ‚
830 3573 874 3621 ex
892 3575 951 3626 eo.
969 3552 1071 3649 quod
1091 3552 1163 3624 ba·

84 3644 181 3722 beret
197 3667 325 3724 contre
349 3674 429 3722 eam
447 3647 670 3746 principium
689 3645 840 3747 aliquod
859 3662 999 3720 certum
1019 3675 1084 3721 seu
1102 3647 1162 3722 ra·
1193 3729 1210 3756 ί

87 3746 216 3821 tionem
235 3746 534 3832 convincentem,
551 3762 803 3846 contraquam
819 3746 1060 3829 existimaret,
1077 3748 1163 3821 nul·

86 3840 158 3917 lum
176 3855 255 3920 ease
270 3871 509 3943 responsum,
526 3844 628 3944 quod
650 3858 771 3943 poaeet
788 3844 963 3917 inducere
980 3845 1026 3916 ad
1047 3844 1163 3918 dubi-

87 3942 237 4017 tandum
259 3944 306 4018 de
331 3944 551 4019 certitudine
567 3946 724 4042 proprite
741 3945 932 4015 renitentia
951 3971 960 4012 :
977 3957 1067 4015 tunc
1086 3971 1161 4019 nou

89 4037 218 4133 debet,
246 4069 367 4142 neque
394 4055 513 4137 potent
534 4040 721 4116 absolvere
740 4045 1005 4140 poenitentem,
1023 4046 1084 4139 qui
1106 4042 1162 4119 illi

86 4137 252 4222 noeroit
264 4140 606 4244 acquiescendi-ib.
622 4169 637 4219 ι
650 4168 692 4244 ιι.
705 4141 814 4231 aba.
826 4139 978 4240 Quod).x
990 4139 1166 4222 Attamen
