2942 4717
88 358 104 374 „
384 286 433 355 Ex
443 282 598 372 ‘operibus
614 282 779 356 Benedicti
794 284 885 357 xlv.
1103 278 1184 365 455ἰ

88 401 140 491 qot
152 393 284 500 furtivi
302 395 425 463 ordines
450 420 534 462 suso.
560 398 711 499 Doctoqes
737 400 867 549 quidam
891 415 1036 472 censent,
1050 414 1183 491 quam-i

86 510 178 577 quam
193 482 248 550 alu
265 500 392 571 negant.
410 484 488 548 Inst.
507 481 605 551 Eccl„
616 489 674 549 rob
692 507 723 549 n.
767 531 775 548 .
793 486 933 551 Ventum
951 498 1115 553 esttamen
1132 488 1167 555 id

88 595 197 660 agere,
215 588 250 637 ut
266 595 305 637 ex
321 567 466 661 pluribus
483 560 578 635 Oecr.¹
594 569 627 636 S.
647 569 684 634 C.
703 569 846 635 firmatur
863 571 908 637 ib.

128 658 161 724 si
186 655 327 723 Clericus
349 656 443 721 sacris
467 654 642 721 initiandus
658 657 699 720 sit
716 659 945 723 connsuetudine
961 655 1065 760 aliqua
1082 670 1185 749 pec-'

88 744 179 810 candi
193 743 375 824 adstrictus,
390 742 486 807 modb
502 743 578 807 verb
593 743 654 806 tbm
666 745 787 807 sincera
801 743 949 810 exhibeat
963 746 1169 834 resipiscendi

87 846 290 915 argumenta,
306 845 342 894 ut
355 826 570 894 Confessarius
584 829 657 892 verb
669 849 742 892 eum
755 830 925 894 contritum
938 831 1079 918 judicare
1090 853 1169 920 pos-

88 916 147 998 sit,
165 913 369 980 uolitantem
387 916 543 1004 poenitons
564 910 617 977 ille
633 912 833 978 Confessario
853 918 997 981 suadenti
1032 935 1080 982 ‘ut
1095 920 1169 983 dii-

87 999 165 1068 lerat
193 1002 425 1089 susceptionem
448 1000 526 1064 sacri
559 997 718 1073 Ordinis,
746 1004 970 1089 acquiescere,
998 966 1170 1093 ductisque

87 1101 200 1152 statuat
214 1089 318 1152 statim
335 1109 367 1151 se
382 1081 513 1149 solemni
532 1103 608 1149 voro
625 1086 843 1170 obstringere,-
868 1090 975 1155 utrinn
992 1092 1025 1153 in
1042 1110 1078 1154 ea
1101 1112 1170 1172 po-

87 1169 207 1239 luntate
233 1176 278 1238 sic
302 1171 486 1237 obfirmatus
509 1171 607 1260 possit
630 1168 773 1255 absolvi,
805 1175 936 1260 quaestio
961 1180 1169 1266 est'anceps,

89 1259 230 1349 adeoque
249 1256 447 1324 suadendum
466 1274 509 1321 est
530 1254 600 1337 illi,
620 1272 656 1320 ut
671 1257 883 1345 prudentem,
908 1276 935 1322 et
960 1260 1089 1327 doctum
1113 1265 1174 1326 vi-

38 1414 39 1427 ,
90 1366 157 1411 rum
176 1342 373 1418 consulat,b
393 1342 617 1433 quoremedia
634 1360 743 1433 petat,
765 1359 797 1408 et
820 1342 1000 1413 consilium.
1027 1349 1076 1412 De
1093 1347 1173 1438 Syn,

38 1432 40 1437 ’
88 1430 186 1496 Ilioec.
204 1429 228 1495 l.
252 1454 283 1494 tt
305 1451 334 1494 c.
354 1451 370 1492 a
388 1452 494 1516 u.·17.
518 1427 568 1493 all.
590 1450 623 1492 n.
641 1451 669 1492 e.
710 1438 713 1446 ⁴

128 1512 267 1581 Ordines
283 1518 422 1581 minores
441 1512 546 1579 collati
562 1512 601 1577 ab
619 1512 743 1585 Abbate
760 1512 884 1580 nullum
899 1518 939 1583 ad
957 1518 990 1583 id
1006 1519 1172 1587 obtinente

86 1600 312 1697 privilegium,
328 1621 433 1690 neque
450 1598 536 1666 licite
549 1600 775 1685 conferuntur,
792 1624 896 1693 neque
912 1602 1031 1670 valent.
1047 1607 1078 1672 Si
1092 1608 1182 1673 vetd'

88 1686 353 1754 conferantur-ab
379 1684 555 1754 Abbatibus
580 1684 772 1752 habentibus
799 1691 848 1776 jus
882 1690 1065 1757 conferendi
1098 1684 1182 1758 illos

89 1790 172 1840 certo
187 1794 394 1864 personarum
408 1773 537 1923 qeneri,
554 1789 585 1837 et
602 1773 895 1871 quosinitiaverint
914 1777 953 1841 ad
971 1776 1103 1842 alterum
1121 1801 1172 1864 ge·
1245 1790 1248 1797 '

87 1882 145 1927 nus
159 1862 342 1950 pertineant
360 1906 369 1941 ,
394 1857 417 1924 il
432 1859 506 1924 icite
530 1863 763 1936 conferuntur,
782 1861 837 1925 sed
854 1880 960 1927 tamen
978 1860 1103 1948 valide,
1130 1867 1174 1929 itb

88 1966 130 2013 ex
145 1947 243 2013 variis
259 1946 413 2012 Decretis.
431 1944 466 2012 S.
484 1946 522 2012 C.
540 1945 589 2011 De
604 1944 669 2032 Syn
697 1945 799 2011 Dioec.
817 1944 840 2013 l.
862 1967 890 2012 a.
908 1970 936 2013 c.
958 1972 993 2014 ιι
1016 1972 1050 2015 ιι.
1069 1948 1089 2014 8
1105 1967 1137 2015 et
1152 1973 1173 2038 9

88 2053 120 2102 n.
139 2056 168 2100 e·
214 2060 217 2067 “
768 2045 782 2055 ”
1006 2077 1010 2081 <

128 2119 208 2187 Cum
236 2117 449 2272 Reqularibus
461 2158 465 2167 ·
475 2115 650 2187 faciliorem
666 2139 699 2186 se
713 2120 856 2269 prebere
876 2135 980 2210 potest
996 2121 1181 2213 Episcopus·

86 2204 117 2271 in
136 2209 282 2274 ordinea
323 2229 476 2292 examen,
495 2223 530 2271 ut
546 2225 588 2270 ex
600 2204 697 2272 Salm.
743 2205 827 2272 heol.
845 2206 960 2273 Moral.
977 2208 1033 2274 Tr.
1052 2207 1072 2274 8
1089 2233 1118 2275 c.
1138 2213 1180 2275 5.·

86 2292 172 2360 Duh.
192 2315 210 2360 a
233 2293 329 2367 Punt.
357 2312 375 2358 a
401 2315 435 2357 n.
457 2293 510 2381 47.
533 2289 672 2357 Faciliiis
695 2294 790 2358 stibna
813 2294 994 2383 dispensare
1020 2292 1173 2360 cumillis

86 2397 188 2470 potest
210 2379 252 2445 ab
275 2379 475 2463 interstitiis,
494 2379 724 2444 conformando
739 2401 771 2444 se
786 2380 906 2467 judicio
922 2379 1102 2469 Superioris
1117 2403 1174 2447 re·
1280 2414 1283 2419 >

39 2500 41 2543 t
86 2464 202 2553 gnaris
220 2465 364 2533 testantis
380 2463 420 2530 de
434 2463 622 2529 sufficientia
638 2487 750 2529 causae.
767 2465 847 2545 last,
863 2462 948 2530 Eccl.
970 2466 1007 2530 ab
1025 2489 1059 2530 n.
1077 2492 1106 2531 1.
1132 2464 1134 2473 ⁴

39 2546 41 2597 l
128 2553 306 2645 Episcopus
321 2549 441 2616 alienos
456 2551 598 2616 subditos
614 2572 671 2641 per
686 2551 879 2615 dimissorias
889 2552 970 2616 adse
980 2553 1115 2618 directas
1125 2574 1174 2618 or·

39 2638 42 2685 ἓ
85 2636 280 2723 desimus,
306 2646 370 2702 non
392 2652 517 2703 tenetur
541 2637 671 2735 quidem
696 2637 908 2702 ordinandum
930 2643 1016 2701 nolo
1032 2640 1172 2703 exaniini

40 2716 42 2795 l
85 2725 261 2814 subjicere,
279 2746 350 2788 cum
367 2721 401 2787 id
417 2725 435 2787 b
454 2744 586 2812 proprio
604 2723 763 2811 Episcopo
777 2726 817 2788 sit
832 2723 1063 2821 praestandum,
1081 2740 1115 2787 nt
1132 2745 1174 2788 ex

40 2822 42 2831 ’
86 2811 248 2876 communi
275 2810 449 2876 Doctorum
474 2810 652 2891 sententia3
671 2823 702 2872 nt
727 2811 752 2872 si
780 2805 856 2873 velit
873 2830 965 2873 novas
985 2808 1173 2875 discussioni

85 2893 175 2963 illum
191 2895 366 2981 subjicere,
383 2912 506 2984 potest,
524 2910 559 2961 ut
575 2895 720 2983 saepibsb
739 2895 778 2959 S,
793 2896 832 2959 C.
849 2892 983 2960 Conrilii
1002 2895 1172 2960 delinitum

41 3042 42 3063 ἶ
84 2999 140 3049 est.
162 2985 201 3048 bt
219 2981 396 3072 Episcopus
411 2980 635 3067 suffraganeus
653 2981 694 3045 ad
717 2978 909 3071 supplendas
926 2982 1100 3046 Dimcesani
1117 2984 1173 3044 vi-

41 3072 43 3149 l
85 3091 134 3134 ces
157 3086 360 3158 assumptus,
384 3089 444 3133 nec
466 3084 613 3151 tenetur,
631 3090 690 3132 nec
729 3082 829 3151 otest,
847 3083 882 3131 ut
899 3064 939 3130 ab
954 3068 1061 3131 eadem
1081 3067 1173 3132 Con—

84 3157 271 3242 gregatione
294 3155 433 3219 decisum
455 3171 500 3221 est
520 3156 554 3219 in
579 3177 669 3219 causa
726 3153 796 3218 bor.
820 3151 955 3217 Dubior.
974 3156 1026 3217 die
1045 3174 1083 3218 22
1101 3157 1178 3219 Ata-t

42 3282 44 3307 t
87 3248 168 3328 gusti
187 3242 265 3306 anni
290 3265 301 3303 1
332 3260 391 3324 at,
418 3245 468 3303 cui
486 3254 591 3305 tamen
608 3239 654 3304 fas
671 3237 772 3322 est-ab
789 3236 1002 3304 Ordinatione
1018 3235 1103 3304 illius
1121 3237 1182 3325 ab·¹

42 3338 43 3395 ξ
86 3328 226 3411 uiuere,
243 3328 268 3392 si
286 3262 390 3415 aliqua
410 3328 487 3390 'usta
507 3347 599 3388 causa
615 3341 761 3413 suppetat
782 3324 909 3388 adeum
928 3325 1170 3393 removendum,

42 3440 43 3447 ¹
84 3416 135 3480 De
150 3414 271 3502 Synod.
291 3414 392 3478 Dioeo.
408 3348 432 3477 l.
456 3431 490 3474 ra
508 3433 536 3475 c.
554 3410 574 3474 8
590 3433 624 3474 ιι.
645 3433 685 3494 7,
701 3432 778 3473 nov.
798 3411 875 3473 edit.

43 3542 45 3583 ,
129 3499 325 3582 Ordinatus,
342 3516 378 3565 ut
393 3493 499 3563 valide
515 3496 549 3561 id
561 3511 705 3586 praestet,
724 3493 817 3559 debet
833 3492 949 3558 habere
962 3496 1181 3562 intentionem*

85 3584 256 3651 virtualem
274 3584 383 3651 saltem
399 3600 581 3656 externam,
599 3598 628 3645 et
646 3581 802 3646 internam
813 3581 1005 3670 suscipiendi
1016 3583 1102 3671 quod
1117 3582 1176 3646 Ec·

86 3668 179 3736 clesia
196 3673 336 3741 intendit
351 3671 390 3736 ab
407 3692 445 3736 eo
454 3669 588 3757 suscipi.
607 3666 702 3752 Quod
719 3669 743 3731 si
762 3683 886 3731 coactus
903 3670 1007 3753 gravis
1020 3666 1091 3731 mali
1109 3690 1185 3749 sne-x

87 3770 122 3825 lu
141 3760 285 3824 animum
301 3758 447 3824 intendat
461 3755 502 3821 ad
521 3754 737 3842 suscipiendos
749 3751 903 3833 Ordines,
915 3769 949 3817 ut
961 3752 1079 3817 malum
1090 3751 1173 3820 illud

60 3898 63 3905 .
84 3845 188 3928 vitet,
206 3858 284 3910 tunc
300 3844 412 3934 utique
428 3842 587 3908 ordinatio
603 3838 699 3904 valet.
717 3841 768 3903 De
784 3839 893 3904 Sacris.
912 3839 999 3905 Miss.
1018 3838 1040 3903 l.
1057 3863 1074 3926 7
1089 3863 1117 3904 c.
1133 3862 1172 3906 ιο

85 3953 121 3995 ιι.
147 3952 196 3997 12.
228 3931 259 3995 si
280 3931 357 3997 verb
374 3931 504 4019 recipiat
525 3926 642 4016 absque
659 3926 837 3991 intentione
857 3927 1005 4007 interna,
1027 3928 1176 4015 prolecto

86 4018 249 4083 ordinatio
265 4040 330 4082 non
345 4014 440 4081 valet.
459 4013 525 4079 Nec
540 4011 624 4078 valet
640 4012 755 4096 etibtn,
773 4012 797 4076 si
815 4009 961 4076 habuerit
974 4013 1114 4076 animum
1126 4013 1174 4075 ian

86 4103 286 4255 differenrpem
297 4104 357 4261 ‚Viql
368 4118 414 4254 pst
425 4123 483 4168 nec
499 4097 697 4171 voluntatem
705 4097 899 4188 suscipiendi
908 4145 920 4187 ,
938 4112 969 4163 et
984 4119 1050 4249 apa
1066 4100 1173 4165 susei-

243 4213 295 4257 om
352 4196 396 4260 1.
608 4230 637 4241 -·
680 4232 684 4239 -
767 4256 776 4265 ,
980 4205 998 4250 2
