2942 4717
206 276 450 372 capistrum.
464 261 639 367 osossss
654 259 1134 380 damnosissima„
1154 273 1208 372 aa

38 405 40 410 ’
88 416 90 420 ’
131 389 294 489 gramini
305 387 571 490 impedire,aut
584 391 800 464 dissuadere
814 385 1207 506 vocitionem3qubm·

134 489 385 589 ris'pru'denter
399 505 481 588 aget
493 487 709 588 aliquando,
720 493 750 561 si
764 490 1019 563 executionem
1033 489 1092 563 illr
1107 489 1207 564 diffe-

136 585 236 660 ratad
249 586 382 661 melibs
398 588 663 688 experiendum
674 641 685 673 ,
698 613 751 660 «an
769 587 943 662 resolutio
960 590 1008 662 sit
1033 590 1138 663 tirm'a
1168 589 1206 664 e't

132 701 350 786 pemererans
362 741 371 772 ,
385 685 587 788 praesertim
604 690 633 759 si
653 688 819 772 noverit,
837 685 1108 762 adolescentem
1129 713 1209 764 esse

133 783 337 872 volubilem,
356 801 419 859 aut
435 787 466 858 si
488 784 704 859 deliberatio
722 785 787 876 illa
804 784 898 858 fucta
915 785 1026 860 fucrit
1040 801 1208 888 tempore

133 880 653 972 llissionis,velExercitiorum
666 882 923 983 spiritualium
940 913 949 955 e
969 885 1061 958 dum
1073 885 1116 959 -in
1131 886 1208 961 hus

133 979 1073 1084 ·josnodioccasionibu‘squaedsmconcipionturpro
1102 987 1210 1075 osiu,

139 1104 202 1179 qaae
212 1081 470 1181 postmodium,
491 1082 612 1181 primo
630 1081 772 1157 fervore
792 1097 992 1169 transacto,
1012 1083 1060 1157 de
1087 1085 1209 1159 ciunt.

166 1180 223 1278 93.
248 1180 286 1253 Si
317 1179 452 1280 aliquis
478 1180 693 1255 adolescens
720 1180 1041 1282 vellet'suscipere
1070 1200 1209 1258 statum

132 1275 322 1377 Presbyteri
339 1279 547 1371 saecularis,
568 1304 644 1353 non
673 1280 720 1355 sit
747 1278 866 1355 facilis
883 1280 1136 1356 confessarius
1159 1282 1208 1356 ad

131 1376 378 1478 annuendum,
397 1380 478 1452 siue
507 1377 617 1478 longa
636 1393 672 1452 et
692 1377 847 1480 probata
869 1380 1094 1479 experientia
1118 1385 1210 1459 recti

130 1474 219 1567 finis,
237 1491 275 1549 et
288 1476 467 1567 scientim,
485 1477 542 1551 rel
556 1476 770 1552 sufficientis
785 1481 1007 1576 capacitatis.
1025 1478 1211 1554 Sacerdo-

127 1585 173 1645 tes
195 1573 347 1674 quidem
362 1575 553 1653 seculares
571 1572 712 1649 babent
726 1576 919 1664 eamdem,
936 1573 1012 1650 imo
1028 1581 1210 1678 mojorem

122 1670 401 1772 obligationem,
422 1677 534 1775 quim
549 1674 740 1774 Religiosi;
757 1689 792 1750 et
808 1677 936 1750 contri
960 1679 1209 1756 remanentia

113 1770 255 1846 eisdem
282 1772 409 1848 saeculi
434 1773 627 1874 periculis;
645 1773 746 1848 unde
767 1787 807 1848 ut
829 1776 912 1878 quis
933 1771 1056 1848 bonus
1080 1774 1210 1851 eradat

116 1868 350 1946 sacerdos-tn
363 1872 502 1946 saeoulo
522 1872 588 1971 (io
611 1870 687 1973 quo
701 1870 805 1963 rard,
821 1889 869 1945 m
888 1871 1010 1946 dicam
1024 1873 1211 1953 rarissimo

114 1964 207 2043 'boni
222 1970 491 2067 inveniuntur)
508 1985 672 2072 oportet,
688 1985 729 2044 ut
744 1969 847 2071 pribs
864 1971 1110 2072 egerit'vitam
1126 1973 1212 2048 ral-
1246 2000 1255 2011 ’

112 2063 167 2140 ’ἀὲ
182 2068 455 2170 exemplarem,
474 2084 654 2145 remotam
672 2074 701 2144 l·
715 2069 836 2157 ludis,
858 2070 905 2143 ab
933 2070 1025 2162 otio,
1052 2074 1071 2144 b
1091 2073 1210 2171 pravis

114 2167 242 2255 recolis,
253 2182 292 2242 et
304 2167 466 2243 deditam
474 2170 643 2243 Orationi
656 2183 693 2243 et
701 2170 1024 2245 sacramentorum
1039 2169 1212 2272 frequen·

125 2264 180 2357 tie
195 2270 213 2365 (’
221 2266 290 2341 sed
309 2269 392 2368 quis
411 2283 467 2342 est
481 2268 565 2354 bic,
581 2281 617 2341 et
635 2265 1028 2364 laudabimuseomi)
1043 2270 1213 2371 alioquin

124 2387 159 2436 se
174 2365 316 2468 injiciet
331 2367 369 2440 in
383 2380 518 2441 statum
532 2366 636 2468 quasi
652 2379 761 2442 certae
776 2365 1044 2455 damnationis,
1061 2393 1212 2468 preser-

114 2460 188 2537 ³tim
203 2466 235 2539 si
262 2464 490 2553 hoc-‘facian
509 2479 554 2539 ut
571 2464 802 2565 obtemperet
821 2475 1020 2562 parentum
1040 2467 1126 2555 fini,
1145 2469 1214 2569 qui

116 2576 174 2634 est
186 2589 241 2638 res
256 2563 475 2640 domesticas
487 2575 633 2664 augere.
650 2564 732 2637 Jam
744 2578 868 2637 autem
881 2562 1023 2639 dictum
1035 2573 1211 2666 estsupra

95 2661 160 2734 Nn.
178 2660 244 2746 35,
263 2669 373 2764 quim
389 2689 496 2763 grave
509 2665 557 2737 sit
575 2662 901 2764 peccatum,quod
941 2678 1065 2737 strant
1082 2690 1210 2763 paren·

113 2769 175 2832 tes
199 2760 283 2850 illi,
301 2762 367 2863 qui
391 2761 488 2837 filios
510 2778 647 2861 cogunt
661 2776 732 2852 ,ut
752 2771 889 2836 statum
906 2690 1212 2839 {eclesiasticum

111 2873 184 2932 'sut
197 2860 422 2961 Religiosom
441 2861 544 2936 inriti
561 2862 776 2959 suscipiant.
793 2860 928 2954 Quoad
949 2859 1209 2964 puellssrerb,

96 2957 204 3056 ἠοω
227 2961 476 3060 virginitatem
493 2983 603 3033 suam
620 2961 715 3035 lesu*
731 2960 879 3037 Christo
903 2985 1117 3035 consecrare
1141 2985 1213 3037 cu·.

110 3058 249 3155 piant,
269 3083 345 3133 non
362 3060 550 3160 permittat
563 3061 616 3133 eis
635 3062 838 3134 castitatem
859 3059 1040 3175 perpetuo
1057 3084 1210 3149 rovere,

112 3153 194 3229 *nisi
221 3171 419 3259 cognoscat
444 3181 504 3231 eas
534 3157 630 3234 bene
657 3157 897 3233 tundatsson
926 3157 1146 3246 virtutibus,
1176 3172 1215 3238 et

111 3251 271 3331 edoctas
289 3259 328 3331 in
342 3258 423 3331 vitoe
438 3256 638 3358 spiritualis
651 3256 809 3354 regulis,
825 3273 863 3331 et
879 3256 1066 3358 praeci'pud
1082 3261 1119 3332 in
1134 3284 1215 3333 ora·
1279 3247 1292 3274 ⁴

125 3352 458 3431 tione‘exercitatas.
471 3356 549 3430 Sub
561 3351 669 3429 initio
686 3357 741 3429 eis
762 3355 906 3430 tantiam
946 3357 1132 3432 obmittere
1149 3384 1215 3459 po·

67 3455 73 3498 '·
127 3463 210 3541 test,
225 3469 266 3527 ut
281 3455 483 3529 castitatem
499 3467 655 3528 voveant
668 3479 735 3554 per
747 3383 1111 3555 sliqood'deiinitum
1125 3471 1216 3530 tem·

120 3572 213 3723 plus,
230 3554 411 3629 nimirirm
428 3560 449 3629 b
467 3554 699 3628 solemnitate
723 3552 889 3655 'alicujus
920 3552 1002 3629 festi
1028 3554 1077 3629 ad
1104 3555 1215 3632 aliam
1288 3549 1292 3562 ’

164 3652 287 3727 terius.

173 3753 234 3849 94.
260 3749 420 3827 Demirm
438 3749 563 3853 quoad
584 3749 835 3826 adolescentes
857 3747 967 3838 illos,
997 3749 1062 3852 qui
1083 3750 1215 3829 rolant

111 3864 190 3922 'aut
204 3848 343 3925 debent
361 3851 498 3927 ducere
517 3877 669 3924 uxorem
689 3849 795 3948 (dico
812 3848 970 3934 debent,
989 3847 1099 3945 proiit
1121 3876 1216 3951 pro·-

114 3942 254 4023 'batum
271 3957 327 4023 es‘t
338 3951 378 4023 in
393 3949 489 4024 libro
503 3949 594 4049 (lib.
607 3949 632 4023 6
644 3976 681 4023 n.
694 3949 782 4049 75),
797 3945 986 4044 loquendo
1000 3946 1046 4020 de
1054 3948 1105 4022 iis
1119 4004 1129 4036 ,
1175 3953 1214 4027 ui

54 4073 57 4088 ¹
108 4060 248 4123 Jesseut
266 4051 536 4125 incontinentes
549 4107 566 4140 ,ff
579 4065 616 4123 et
632 4047 782 4122 nollent
799 4044 976 4120 adbibere
996 4047 1066 4121 alia
1093 3977 1214 4125 media
1255 4133 1258 4138 ,

124 4158 334 4246 'opportuna
349 4147 403 4227 ad
427 4175 467 4228 se
496 4149 772 4249 continendos)
791 4144 1086 4239 advertendum,
1111 4151 1215 4251 quod
