2942 4717
319 233 324 245 .
368 259 450 355 Cap.
465 258 524 327 ΙΙΙ.
540 259 591 327 De
608 259 777 328 ordinibus
793 261 964 365 inepeei'e.
1140 261 1206 351 287

126 362 216 442 enim
235 369 375 459 forma,
396 371 570 445 desinunt
590 389 710 486 partes
733 398 812 446 esse
835 399 947 447 sacrae
966 373 1033 463 (n.
1057 369 1129 447 368
1151 371 1205 445 adl

127 468 225 564 371.)
239 468 350 543 Color
373 485 495 543 autem
511 485 667 546 restrum
687 470 917 573 probabilibs
933 484 988 543 est
1002 523 1013 557 ,
1033 469 1135 569 quod
1150 471 1199 543 ait

126 565 167 638 de
181 583 359 666 praecepto
373 594 476 657 ‚non
494 583 616 641 tamen
629 571 726 668 gravi
744 573 809 667 (n.
828 570 900 669 378
914 568 991 641 dub
1006 567 1064 666 5.)
1208 615 1257 671 u,

167 666 451 764 Requirituer.
468 669 654 756 Corporale
666 667 882 740 benedictam
896 694 940 741 err
954 667 1051 752 lino,
1066 665 1121 739 vel
1136 664 1197 738 ca-

123 759 209 836 nabe
226 763 274 855 (l.
293 765 318 840 6
335 790 375 838 n.
394 764 500 862 386‚)
518 766 719 840 Execratur
739 782 860 849 autem
878 765 1069 864 corporale
1082 822 1090 850 .
1104 766 1134 838 si
1147 764 1198 839 ita

123 859 313 957 frangitur,
338 877 474 937 utnon
498 866 611 965 possit
631 863 792 963 ampliirs
810 864 983 938 decenter
1006 864 1199 938 continere

125 957 268 1034 calicem
287 975 325 1034 et
346 977 516 1060 patenam
537 974 623 1035 cum'
638 963 757 1036 boetia
773 962 834 1062 (n.
852 964 963 1062 371.)
982 961 1199 1037 Cavendum
1243 976 1247 985 '

126 1068 184 1144 ert3
201 1085 248 1132 ne
263 1060 452 1162 corporale
468 1063 516 1135 ait
528 1060 633 1136 valde
645 1061 904 1148 immundam,
924 1064 962 1133 in
978 1088 1053 1161 quo
1066 1062 1203 1134 dicunt

122 1154 213 1228 Saar.
233 1159 359 1258 Laym.
386 1173 423 1232 et
445 1159 576 1234 Tamb.
597 1186 703 1259 posse
723 1162 833 1234 etiam
856 1161 1010 1260 graviter
1027 1160 1197 1259 peceari;

121 1256 275 1351 qulmris
292 1255 404 1330 addat
425 1255 558 1332 Tamb.
576 1285 618 1333 ex
633 1259 764 1331 eodem
779 1261 881 1331 Suar.
900 1257 997 1331 illud
1013 1258 1199 1330 valeram-

118 1352 275 1425 mundam
289 1353 486 1429 difficulter
505 1359 662 1430 evenire.
677 1355 862 1432 Caeterirm
873 1359 927 1431 uti
939 1357 1124 1456 corporali
1135 1360 1199 1447 ,et

120 1448 192 1539 aliia
208 1455 430 1549 paramentis
445 1453 673 1542 immundis,
690 1456 777 1530 licet
797 1481 875 1531 non
898 1454 1024 1545 valde,
1041 1481 1116 1529 non
1133 1480 1199 1528 ex·

118 1566 262 1623 curatur
279 1555 300 1625 l
318 1552 448 1626 veniali
465 1609 474 1639 ‚
491 1555 561 1629 nisi
577 1553 647 1627 alia
663 1553 790 1629 haberi
808 1569 1016 1654 nequeant,
1032 1568 1074 1626 ut
1088 1552 1199 1630 Croix

111 1650 318 1725 >cum'Suan
334 1668 371 1726 et
385 1651 516 1727 Gobat.
534 1650 613 1726 lma
628 1653 679 1726 ait
692 1653 849 1739 Toum,
868 1652 970 1752 quod
983 1654 1022 1724 in
1036 1652 1200 1726 necessi-

116 1757 205 1833 tate,
228 1749 367 1848 nempe
390 1753 421 1822 si
445 1751 621 1840 Sacerdos
651 1765 716 1825 aut
739 1750 802 1824 alii
825 1749 1010 1824 'deberent
1028 1753 1202 1823 omittere

114 1840 258 1918 Missam
279 1847 326 1921 de
345 1866 565 1948 praecepto,
583 1849 728 1923 licitum
745 1850 793 1924 ait
813 1851 868 1922 uti
884 1848 1069 1953 corporali
1087 1851 1199 1924 etiem

114 1943 324 2020 notabiliter
339 1947 534 2022 immundo
547 1950 562 2045 (
574 1946 641 2023 lib.
659 1948 684 2022 6
699 1975 736 2023 n.
754 1949 838 2048 376.
853 1949 868 2044 )
1207 1998 1218 2036 r

158 2040 203 2113 V.
221 2045 332 2117 Palla
347 2047 456 2120 etiam
472 2045 582 2119 debet
595 2073 672 2120 esse
688 2045 903 2133 benedicta,
918 2059 1010 2121 etex
1024 2045 1122 2130 lino,
1139 2043 1198 2120 vel

114 2140 250 2215 canabe
271 2143 401 2219 saltem
421 2171 463 2217 ex
484 2163 586 2245 parte
602 2146 787 2231 interiori,
806 2161 846 2219 nt
860 2149 911 2219 ait
928 2146 1031 2221 Suar.
1048 2144 1135 2231 33ed
1153 2169 1198 2220 ex

112 2235 372 2318 DecretoSacr.
383 2245 562 2344 Congreg.
572 2244 797 2319 dictumfuit
808 2244 869 2316 :ln
880 2243 1057 2341 Sacraficra
1072 2244 1198 2316 Mosa

31 2432 32 2435 Ἴ
112 2359 178 2407 nort
195 2355 255 2413 est
266 2339 466 2415 adhibenda
476 2344 575 2440 polla
590 2343 614 2414 ἀ
627 2359 730 2441 parte
748 2344 921 2442 superiori
932 2342 1065 2439 drappo
1084 2343 1197 2414 serico

31 2456 32 2459 ’
110 2453 282 2532 cooperta.
300 2439 383 2513 Non
408 2455 532 2515 autem
557 2437 852 2540 improbabiliter
876 2437 1006 2514 dicunt
1028 2442 1136 2514 Sotua
1160 2453 1200 2516 et

110 2531 188 2626 alii,
204 2537 309 2638 quod
331 2537 516 2613 celebrare
535 2539 614 2612 sine
630 2539 728 2636 palla
743 2565 819 2613 non
839 2537 883 2611 sit
900 2538 1083 2624 mortale,
1108 2564 1197 2612 cum
1282 2598 1284 2605 Α

111 2629 183 2728 ipsa
197 2661 318 2709 sacras
333 2638 471 2735 species
486 2665 560 2710 non
575 2651 699 2735 tangat
712 2636 923 2713 immediate
937 2639 1000 2732 (n.
1015 2635 1121 2732 388.)
1134 2638 1198 2710 Re·

112 2732 271 2828 quiritur
283 2735 320 2808 5.
337 2736 631 2831 Parr'ficatorr'um‚
645 2737 748 2835 quod
760 2733 988 2837 probabiliba
1001 2760 1078 2810 non
1092 2761 1198 2837 opor·
1227 2812 1230 2817 ,

113 2832 613 2929 tetutsitbenedictum(n.
635 2834 743 2935 389.)
831 2922 835 2929 .
1206 2886 1255 2935 m

97 2937 100 2945 ⁴
155 2930 371 3032 Requiritur
384 2931 448 3006 VI.
467 2932 622 3004 Missale
637 2933 839 3005 Romanum
855 2930 1049 3007 continens
1065 2929 1196 3006 saltem

110 3026 295 3128 integrum
309 3031 513 3105 Cononem.
529 3033 669 3105 Dicunt
684 3044 807 3105 antem
821 3030 1122 3106 communissima
1136 3089 1145 3116 ‚
1160 3046 1198 3104 et

94 3127 585 3229 ‚probabiliterSuanVasm
597 3132 723 3229 Layrn.
735 3128 815 3203 Pal.
826 3131 942 3228 Lego,
957 3128 1074 3202 Salm.
1086 3131 1198 3206 croix

110 3239 178 3298 etc.
194 3253 275 3301 non
293 3253 446 3324 peceare
464 3226 710 3301 celebrantem
735 3226 812 3302 aine
836 3227 990 3315 Missali‚
1007 3227 1038 3300 si
1055 3251 1197 3300 memo·

110 3326 193 3398 riter
206 3327 298 3400 sciat
309 3323 467 3398 dicenda
479 3383 488 3416 ,
501 3340 537 3399 et
551 3326 599 3399 ob
614 3326 835 3422 praeteritam
846 3326 1108 3423 experientiam
1120 3352 1197 3398 aon

31 3506 32 3509 Ἴ
109 3424 151 3497 rit
166 3427 198 3498 ei
216 3424 426 3524 periculum
439 3423 599 3497 errandi.
619 3426 686 3500 Uti
702 3423 788 3498 verb
806 3424 943 3499 Missali
958 3423 1199 3522 Regularium.

108 3523 276 3621 (seilicet
291 3522 514 3598 celebrando
542 3528 639 3598 'uxta
656 3549 785 3597 eorum
803 3524 942 3617 ritum)
963 3538 1019 3595 est
1040 3521 1197 3597 mortale

90 3622 215 3709 ‚etiam
232 3624 271 3694 in
284 3626 449 3721 ipsorum
461 3552 637 3697 Ecclesiis
650 3623 665 3722 (
675 3650 713 3695 n.
734 3622 843 3719 390.)
864 3622 1002 3721 Requir
1016 3620 1097 3693 Vll.
1116 3621 1197 3690 Mi-

110 3720 218 3793 airter
234 3719 304 3794 sub
321 3722 418 3819 gravi
432 3720 674 3819 obligatione,
693 3720 823 3794 saltem
840 3721 957 3819 usque
975 3719 1022 3792 ad
1039 3717 1198 3791 oblatio·

108 3843 212 3915 nem,
230 3821 302 3893 nisi
319 3835 446 3919 urgeat
465 3819 661 3906 necessitas
675 3819 790 3910 dandi
809 3819 998 3904 viaticum,
1014 3816 1070 3889 vel
1084 3818 1196 3896 etiam

109 3942 155 3988 ne
166 3919 355 3992 omittatur
365 3944 512 4009 sacrum
526 3918 584 3990 die
597 3918 701 3992 festo.
713 3918 879 3991 Minister
888 3914 997 3988 debet
1012 3941 1088 3988 esse
1101 3943 1196 3989 mas·

109 4015 238 4100 culus,
255 4029 342 4090 narn
360 4017 519 4091 foeminae
535 4017 604 4091 sub
619 4018 718 4116 gravi
737 4015 847 4112 culpa
863 4014 1112 4114 probibentur
1125 4014 1196 4086 irn-

107 4115 267 4191 mediatb
283 4117 491 4190 ministrare
508 4117 546 4188 in
559 4116 676 4189 altari.
692 4115 831 4190 Dicunt
851 4130 974 4186 tamen
989 4114 1196 4186 communi·
1266 4126 1270 4134 '

107 4223 162 4288 ter
177 4216 305 4318 Laym.
321 4217 416 4295 Suar
429 4215 571 4296 Tourn.
586 4215 677 4307 M⁰¹2
690 4208 853 4300 Homob,
865 4229 935 4294 etc.
949 4238 1025 4289 non
1039 4236 1194 4328 peccare
