<?xml version="1.0" encoding="UTF-8"?>
<!DOCTYPE html PUBLIC "-//W3C//DTD XHTML 1.0 Transitional//EN"
    "http://www.w3.org/TR/xhtml1/DTD/xhtml1-transitional.dtd">
<html xmlns="http://www.w3.org/1999/xhtml" xml:lang="en" lang="en">
 <head>
  <title>
</title>
<meta http-equiv="Content-Type" content="text/html;charset=utf-8" />
  <meta name='ocr-system' content='tesseract 3.04.00' />
  <meta name='ocr-capabilities' content='ocr_page ocr_carea ocr_par ocr_line ocrx_word'/>
</head>
<body>
  <div class='ocr_page' id='page_1' title='image "./theologiamorali02mansgoog_0266.png"; bbox 0 0 2942 4717; ppageno 0'>
   <div class='ocr_carea' id='block_1_1' title="bbox 284 271 1048 344">
    <p class='ocr_par' dir='ltr' id='par_1_1' title="bbox 284 271 1048 344">
     <span class='ocr_line' id='line_1_1' title="bbox 284 271 1048 344; baseline -0.005 -1"><span class='ocrx_word' id='word_1_1' title='bbox 284 276 353 344; x_wconf 74' lang='lat'><strong>246</strong></span> <span class='ocrx_word' id='word_1_2' title='bbox 607 271 752 343; x_wconf 78' lang='lat' dir='ltr'><strong>Examen</strong></span> <span class='ocrx_word' id='word_1_3' title='bbox 770 271 1048 344; x_wconf 82' lang='lat' dir='ltr'><strong>ordinandorum.</strong></span> 
     </span>
    </p>
   </div>
   <div class='ocr_carea' id='block_1_2' title="bbox 221 377 1436 783">
    <p class='ocr_par' dir='ltr' id='par_1_2' title="bbox 283 377 1345 489">
     <span class='ocr_line' id='line_1_2' title="bbox 283 377 1345 489; baseline -0.001 -27"><span class='ocrx_word' id='word_1_4' title='bbox 283 390 354 462; x_wconf 87' lang='lat' dir='ltr'><strong>tiae.</strong></span> <span class='ocrx_word' id='word_1_5' title='bbox 372 377 503 489; x_wconf 57' lang='lat' dir='ltr'><strong>illequev</strong></span> <span class='ocrx_word' id='word_1_6' title='bbox 515 386 604 461; x_wconf 85' lang='lat' dir='ltr'><strong>huic</strong></span> <span class='ocrx_word' id='word_1_7' title='bbox 619 386 741 464; x_wconf 87' lang='lat' dir='ltr'><strong>obstat</strong></span> <span class='ocrx_word' id='word_1_8' title='bbox 752 385 858 460; x_wconf 85' lang='lat' dir='ltr'><strong>Bulla</strong></span> <span class='ocrx_word' id='word_1_9' title='bbox 873 386 959 459; x_wconf 84' lang='lat' dir='ltr'><strong>Sixti</strong></span> <span class='ocrx_word' id='word_1_10' title='bbox 974 385 1024 458; x_wconf 87' lang='lat' dir='ltr'><strong>V.</strong></span> <span class='ocrx_word' id='word_1_11' title='bbox 1043 382 1129 460; x_wconf 85' lang='lat' dir='ltr'><strong>Cum</strong></span> <span class='ocrx_word' id='word_1_12' title='bbox 1140 402 1345 461; x_wconf 74' lang='lat' dir='ltr'><strong>sonosonctr</strong></span> 
     </span>
    </p>

    <p class='ocr_par' dir='ltr' id='par_1_3' title="bbox 221 482 1436 783">
     <span class='ocr_line' id='line_1_3' title="bbox 221 482 1344 581; baseline 0.002 -24"><span class='ocrx_word' id='word_1_13' title='bbox 221 537 226 547; x_wconf 77' lang='lat'><em>,</em></span> <span class='ocrx_word' id='word_1_14' title='bbox 284 487 381 558; x_wconf 92' lang='lat' dir='ltr'><strong>edita</strong></span> <span class='ocrx_word' id='word_1_15' title='bbox 398 487 457 559; x_wconf 83' lang='lat' dir='ltr'><strong>die</strong></span> <span class='ocrx_word' id='word_1_16' title='bbox 472 490 504 581; x_wconf 71' lang='grc'><strong>4.</strong></span> <span class='ocrx_word' id='word_1_17' title='bbox 523 488 608 560; x_wconf 88' lang='lat' dir='ltr'><strong>Jau.</strong></span> <span class='ocrx_word' id='word_1_18' title='bbox 633 486 722 560; x_wconf 71' lang='lat'>1588</span> <span class='ocrx_word' id='word_1_19' title='bbox 738 541 748 572; x_wconf 86' lang='lat'>,</span> <span class='ocrx_word' id='word_1_20' title='bbox 766 485 828 557; x_wconf 89' lang='lat' dir='ltr'><strong>ubi</strong></span> <span class='ocrx_word' id='word_1_21' title='bbox 845 483 1052 559; x_wconf 87' lang='lat' dir='ltr'><strong>beneficiati</strong></span> <span class='ocrx_word' id='word_1_22' title='bbox 1071 507 1144 555; x_wconf 86' lang='lat' dir='ltr'><strong>non</strong></span> <span class='ocrx_word' id='word_1_23' title='bbox 1161 482 1344 560; x_wconf 71' lang='lat' dir='ltr'><strong>deserente·</strong></span> 
     </span>
     <span class='ocr_line' id='line_1_4' title="bbox 284 575 1436 684; baseline -0.002 -28"><span class='ocrx_word' id='word_1_24' title='bbox 284 583 454 658; x_wconf 83' lang='lat' dir='ltr'><strong>habitum</strong></span> <span class='ocrx_word' id='word_1_25' title='bbox 473 587 553 684; x_wconf 90' lang='lat' dir='ltr'><strong>ipso</strong></span> <span class='ocrx_word' id='word_1_26' title='bbox 572 588 651 684; x_wconf 77' lang='lat' dir='ltr'><strong>jore</strong></span> <span class='ocrx_word' id='word_1_27' title='bbox 671 583 908 656; x_wconf 88' lang='lat' dir='ltr'><strong>declarantur</strong></span> <span class='ocrx_word' id='word_1_28' title='bbox 926 582 1051 681; x_wconf 86' lang='lat' dir='ltr'><strong>privati</strong></span> <span class='ocrx_word' id='word_1_29' title='bbox 1066 580 1141 654; x_wconf 86' lang='lat' dir='ltr'><strong>sois</strong></span> <span class='ocrx_word' id='word_1_30' title='bbox 1155 579 1343 656; x_wconf 79' lang='lat' dir='ltr'><strong>beneficiio:</strong></span> <span class='ocrx_word' id='word_1_31' title='bbox 1435 575 1436 654; x_wconf 77' lang='lat'><strong>?</strong></span> 
     </span>
     <span class='ocr_line' id='line_1_5' title="bbox 283 677 1349 783; baseline 0.001 -29"><span class='ocrx_word' id='word_1_32' title='bbox 283 708 372 756; x_wconf 85' lang='lat' dir='ltr'><strong>nam</strong></span> <span class='ocrx_word' id='word_1_33' title='bbox 400 682 438 755; x_wconf 88' lang='lat' dir='ltr'><strong>id</strong></span> <span class='ocrx_word' id='word_1_34' title='bbox 461 680 678 783; x_wconf 70' lang='lat' dir='ltr'><strong>dispectum</strong></span> <span class='ocrx_word' id='word_1_35' title='bbox 698 677 768 755; x_wconf 84' lang='lat' dir='ltr'><strong>fnit</strong></span> <span class='ocrx_word' id='word_1_36' title='bbox 790 680 933 762; x_wconf 76' lang='lat' dir='ltr'><strong>tantiam</strong></span> <span class='ocrx_word' id='word_1_37' title='bbox 953 708 1020 779; x_wconf 90' lang='lat' dir='ltr'><strong>pro</strong></span> <span class='ocrx_word' id='word_1_38' title='bbox 1039 678 1141 756; x_wconf 85' lang='lat' dir='ltr'>Urbe</span> <span class='ocrx_word' id='word_1_39' title='bbox 1162 680 1301 765; x_wconf 76' lang='lat' dir='ltr'><strong>Roma,</strong></span> <span class='ocrx_word' id='word_1_40' title='bbox 1318 694 1349 756; x_wconf 87' lang='lat' dir='ltr'><strong>et</strong></span> 
     </span>
    </p>
   </div>
   <div class='ocr_carea' id='block_1_3' title="bbox 284 778 1436 881">
    <p class='ocr_par' dir='ltr' id='par_1_4' title="bbox 284 778 1436 881">
     <span class='ocr_line' id='line_1_6' title="bbox 284 778 1436 881; baseline -0.002 -26"><span class='ocrx_word' id='word_1_41' title='bbox 284 790 479 881; x_wconf 74' lang='lat' dir='ltr'><strong>postquim</strong></span> <span class='ocrx_word' id='word_1_42' title='bbox 503 782 686 856; x_wconf 85' lang='lat' dir='ltr'><strong>mandatis</strong></span> <span class='ocrx_word' id='word_1_43' title='bbox 704 779 775 855; x_wconf 86' lang='lat' dir='ltr'><strong>sub</strong></span> <span class='ocrx_word' id='word_1_44' title='bbox 793 796 894 856; x_wconf 88' lang='lat' dir='ltr'><strong>certo</strong></span> <span class='ocrx_word' id='word_1_45' title='bbox 917 783 1074 856; x_wconf 88' lang='lat' dir='ltr'><strong>termino</strong></span> <span class='ocrx_word' id='word_1_46' title='bbox 1096 778 1165 881; x_wconf 81' lang='lat' dir='ltr'><strong>ipsi</strong></span> <span class='ocrx_word' id='word_1_47' title='bbox 1184 804 1255 853; x_wconf 89' lang='lat' dir='ltr'><strong>non</strong></span> <span class='ocrx_word' id='word_1_48' title='bbox 1274 779 1347 853; x_wconf 80' lang='lat' dir='ltr'><strong>obe·</strong></span> <span class='ocrx_word' id='word_1_49' title='bbox 1411 827 1414 832; x_wconf 85' lang='lat'><strong>·</strong></span> <span class='ocrx_word' id='word_1_50' title='bbox 1435 787 1436 830; x_wconf 64' lang='grc' dir='ltr'>ἲ</span> 
     </span>
    </p>
   </div>
   <div class='ocr_carea' id='block_1_4' title="bbox 169 877 1436 4129">
    <p class='ocr_par' dir='ltr' id='par_1_5' title="bbox 285 877 715 1051">
     <span class='ocr_line' id='line_1_7' title="bbox 285 877 715 1051; baseline 0.005 -99"><span class='ocrx_word' id='word_1_51' title='bbox 285 879 420 953; x_wconf 85' lang='lat' dir='ltr'><strong>dierint</strong></span> <span class='ocrx_word' id='word_1_52' title='bbox 434 879 481 975; x_wconf 87' lang='lat' dir='ltr'><strong>(l.</strong></span> <span class='ocrx_word' id='word_1_53' title='bbox 499 879 524 952; x_wconf 86' lang='lat'>6</span> <span class='ocrx_word' id='word_1_54' title='bbox 539 908 575 953; x_wconf 88' lang='lat' dir='ltr'><strong>n.</strong></span> <span class='ocrx_word' id='word_1_55' title='bbox 592 881 676 954; x_wconf 81' lang='lat'><strong>825.</strong></span> <span class='ocrx_word' id='word_1_56' title='bbox 691 877 715 1051; x_wconf 56' lang='grc' dir='ltr'>ζ</span> 
     </span>
    </p>

    <p class='ocr_par' dir='ltr' id='par_1_6' title="bbox 242 972 1379 1365">
     <span class='ocr_line' id='line_1_8' title="bbox 242 972 1348 1077; baseline -0.001 -26"><span class='ocrx_word' id='word_1_57' title='bbox 242 979 279 1036; x_wconf 72' lang='lat'><strong>⁸⁰</strong></span> <span class='ocrx_word' id='word_1_58' title='bbox 333 978 574 1077; x_wconf 82' lang='lat' dir='ltr'><strong>Idem,quod</strong></span> <span class='ocrx_word' id='word_1_59' title='bbox 585 978 687 1053; x_wconf 86' lang='lat' dir='ltr'><strong>deba</strong></span> <span class='ocrx_word' id='word_1_60' title='bbox 717 981 787 1063; x_wconf 85' lang='lat' dir='ltr'><strong>itu,</strong></span> <span class='ocrx_word' id='word_1_61' title='bbox 802 975 1075 1054; x_wconf 86' lang='lat' dir='ltr'><strong>dicuntSanch.</strong></span> <span class='ocrx_word' id='word_1_62' title='bbox 1089 977 1215 1076; x_wconf 83' lang='lat' dir='ltr'><strong>Laym.</strong></span> <span class='ocrx_word' id='word_1_63' title='bbox 1228 972 1348 1050; x_wconf 67' lang='lat' dir='ltr'><strong>Escob.</strong></span> 
     </span>
     <span class='ocr_line' id='line_1_9' title="bbox 284 1069 1351 1170; baseline 0.001 -23"><span class='ocrx_word' id='word_1_64' title='bbox 284 1077 391 1150; x_wconf 87' lang='lat' dir='ltr'><strong>etalii</strong></span> <span class='ocrx_word' id='word_1_65' title='bbox 408 1078 455 1151; x_wconf 88' lang='lat' dir='ltr'><strong>de</strong></span> <span class='ocrx_word' id='word_1_66' title='bbox 469 1079 637 1150; x_wconf 84' lang='lat' dir='ltr'><strong>Tonsura</strong></span> <span class='ocrx_word' id='word_1_67' title='bbox 647 1135 657 1167; x_wconf 87' lang='lat'>,</span> <span class='ocrx_word' id='word_1_68' title='bbox 667 1069 741 1150; x_wconf 74' lang='lat' dir='ltr'><strong>eive</strong></span> <span class='ocrx_word' id='word_1_69' title='bbox 752 1103 897 1151; x_wconf 84' lang='lat' dir='ltr'><strong>corona.</strong></span> <span class='ocrx_word' id='word_1_70' title='bbox 910 1076 983 1153; x_wconf 80' lang='lat' dir='ltr'><strong>Atii</strong></span> <span class='ocrx_word' id='word_1_71' title='bbox 996 1090 1137 1158; x_wconf 65' lang='lat' dir='ltr'><strong>umen,</strong></span> <span class='ocrx_word' id='word_1_72' title='bbox 1149 1089 1192 1148; x_wconf 90' lang='lat' dir='ltr'><strong>nt</strong></span> <span class='ocrx_word' id='word_1_73' title='bbox 1201 1074 1351 1170; x_wconf 72' lang='lat' dir='ltr'><strong>Caetrop</strong></span> 
     </span>
     <span class='ocr_line' id='line_1_10' title="bbox 283 1170 1350 1280; baseline 0.001 -33"><span class='ocrx_word' id='word_1_74' title='bbox 283 1174 440 1271; x_wconf 88' lang='lat' dir='ltr'><strong>Heuriq.</strong></span> <span class='ocrx_word' id='word_1_75' title='bbox 459 1178 611 1280; x_wconf 83' lang='lat' dir='ltr'><strong>Renzius</strong></span> <span class='ocrx_word' id='word_1_76' title='bbox 629 1192 666 1248; x_wconf 92' lang='lat' dir='ltr'><strong>et</strong></span> <span class='ocrx_word' id='word_1_77' title='bbox 679 1175 813 1251; x_wconf 86' lang='lat' dir='ltr'><strong>Tamb.</strong></span> <span class='ocrx_word' id='word_1_78' title='bbox 830 1203 915 1250; x_wconf 86' lang='lat' dir='ltr'><strong>cum</strong></span> <span class='ocrx_word' id='word_1_79' title='bbox 939 1174 1159 1263; x_wconf 85' lang='lat' dir='ltr'><strong>Marcbino‚</strong></span> <span class='ocrx_word' id='word_1_80' title='bbox 1181 1170 1350 1248; x_wconf 79' lang='lat' dir='ltr'><strong>clericum</strong></span> 
     </span>
     <span class='ocr_line' id='line_1_11' title="bbox 284 1269 1379 1365; baseline -0.002 -22"><span class='ocrx_word' id='word_1_81' title='bbox 284 1274 392 1346; x_wconf 72' lang='lat' dir='ltr'><strong>etiam</strong></span> <span class='ocrx_word' id='word_1_82' title='bbox 411 1276 449 1345; x_wconf 90' lang='lat' dir='ltr'><strong>in</strong></span> <span class='ocrx_word' id='word_1_83' title='bbox 467 1279 600 1365; x_wconf 78' lang='lat' dir='ltr'><strong>sacris,</strong></span> <span class='ocrx_word' id='word_1_84' title='bbox 621 1291 683 1348; x_wconf 87' lang='lat' dir='ltr'><strong>aot</strong></span> <span class='ocrx_word' id='word_1_85' title='bbox 699 1274 961 1350; x_wconf 76' lang='lat' dir='ltr'><strong>beneficiatum</strong></span> <span class='ocrx_word' id='word_1_86' title='bbox 985 1274 1192 1347; x_wconf 77' lang='lat' dir='ltr'><strong>Tonsorem</strong></span> <span class='ocrx_word' id='word_1_87' title='bbox 1210 1297 1280 1343; x_wconf 89' lang='lat' dir='ltr'><strong>uon</strong></span> <span class='ocrx_word' id='word_1_88' title='bbox 1295 1269 1351 1342; x_wconf 86' lang='lat' dir='ltr'><strong>de·</strong></span> <span class='ocrx_word' id='word_1_89' title='bbox 1375 1350 1379 1358; x_wconf 20' lang='lat'>¹</span> 
     </span>
    </p>

    <p class='ocr_par' dir='ltr' id='par_1_7' title="bbox 169 1366 1436 1458">
     <span class='ocr_line' id='line_1_12' title="bbox 169 1366 1436 1458; baseline 0 -20"><span class='ocrx_word' id='word_1_90' title='bbox 169 1427 171 1438; x_wconf 93' lang='lat'><strong>.</strong></span> <span class='ocrx_word' id='word_1_91' title='bbox 283 1370 462 1445; x_wconf 88' lang='lat' dir='ltr'><strong>serentem</strong></span> <span class='ocrx_word' id='word_1_92' title='bbox 476 1400 549 1445; x_wconf 90' lang='lat' dir='ltr'><strong>non</strong></span> <span class='ocrx_word' id='word_1_93' title='bbox 566 1372 704 1446; x_wconf 89' lang='lat' dir='ltr'><strong>audent</strong></span> <span class='ocrx_word' id='word_1_94' title='bbox 716 1372 892 1447; x_wconf 85' lang='lat' dir='ltr'><strong>damnare</strong></span> <span class='ocrx_word' id='word_1_95' title='bbox 905 1371 952 1446; x_wconf 90' lang='lat' dir='ltr'><strong>de</strong></span> <span class='ocrx_word' id='word_1_96' title='bbox 965 1371 1133 1458; x_wconf 84' lang='lat' dir='ltr'><strong>mortali,</strong></span> <span class='ocrx_word' id='word_1_97' title='bbox 1153 1366 1219 1442; x_wconf 83' lang='lat' dir='ltr'><strong>nisi</strong></span> <span class='ocrx_word' id='word_1_98' title='bbox 1231 1394 1304 1442; x_wconf 89' lang='lat' dir='ltr'><strong>eam</strong></span> <span class='ocrx_word' id='word_1_99' title='bbox 1315 1391 1352 1442; x_wconf 78' lang='lat' dir='ltr'><strong>ex</strong></span> <span class='ocrx_word' id='word_1_100' title='bbox 1435 1375 1436 1438; x_wconf 64' lang='grc' dir='ltr'>ζ</span> 
     </span>
    </p>

    <p class='ocr_par' dir='ltr' id='par_1_8' title="bbox 283 1464 1357 1956">
     <span class='ocr_line' id='line_1_13' title="bbox 284 1464 1353 1570; baseline -0.006 -28"><span class='ocrx_word' id='word_1_101' title='bbox 284 1487 503 1570; x_wconf 87' lang='lat' dir='ltr'><strong>contemptu</strong></span> <span class='ocrx_word' id='word_1_102' title='bbox 517 1474 671 1544; x_wconf 88' lang='lat' dir='ltr'><strong>omittat.</strong></span> <span class='ocrx_word' id='word_1_103' title='bbox 683 1471 864 1547; x_wconf 76' lang='lat' dir='ltr'><strong>Caeterum</strong></span> <span class='ocrx_word' id='word_1_104' title='bbox 875 1469 971 1546; x_wconf 71' lang='lat' dir='ltr'><strong>bend</strong></span> <span class='ocrx_word' id='word_1_105' title='bbox 980 1471 1030 1543; x_wconf 88' lang='lat' dir='ltr'><strong>ait</strong></span> <span class='ocrx_word' id='word_1_106' title='bbox 1039 1474 1087 1543; x_wconf 87' lang='lat' dir='ltr'><strong>La</strong></span> <span class='ocrx_word' id='word_1_107' title='bbox 1096 1469 1216 1546; x_wconf 80' lang='lat' dir='ltr'><strong>Croia.</strong></span> <span class='ocrx_word' id='word_1_108' title='bbox 1227 1464 1353 1548; x_wconf 82' lang='lat' dir='ltr'><strong>iaciliin</strong></span> 
     </span>
     <span class='ocr_line' id='line_1_14' title="bbox 284 1564 1353 1668; baseline 0 -28"><span class='ocrx_word' id='word_1_109' title='bbox 284 1570 512 1641; x_wconf 66' lang='lat' dir='ltr'><strong>excusandos</strong></span> <span class='ocrx_word' id='word_1_110' title='bbox 527 1594 613 1656; x_wconf 88' lang='lat' dir='ltr'><strong>eos,</strong></span> <span class='ocrx_word' id='word_1_111' title='bbox 667 1572 703 1643; x_wconf 90' lang='lat' dir='ltr'><strong>ui</strong></span> <span class='ocrx_word' id='word_1_112' title='bbox 725 1569 955 1654; x_wconf 78' lang='lat' dir='ltr'><strong>Tonsorem,</strong></span> <span class='ocrx_word' id='word_1_113' title='bbox 973 1573 1087 1668; x_wconf 73' lang='lat' dir='ltr'><strong>quam</strong></span> <span class='ocrx_word' id='word_1_114' title='bbox 1112 1567 1176 1664; x_wconf 85' lang='lat' dir='ltr'><strong>qni</strong></span> <span class='ocrx_word' id='word_1_115' title='bbox 1202 1564 1353 1640; x_wconf 77' lang='lat' dir='ltr'><strong>habitum</strong></span> 
     </span>
     <span class='ocr_line' id='line_1_15' title="bbox 283 1597 1356 1769; baseline -0.004 -31"><span class='ocrx_word' id='word_1_116' title='bbox 283 1692 361 1738; x_wconf 89' lang='lat' dir='ltr'><strong>noo</strong></span> <span class='ocrx_word' id='word_1_117' title='bbox 376 1666 546 1740; x_wconf 86' lang='lat' dir='ltr'><strong>deferunt</strong></span> <span class='ocrx_word' id='word_1_118' title='bbox 563 1693 573 1748; x_wconf 71' lang='grc' dir='ltr'><strong>ς</strong></span> <span class='ocrx_word' id='word_1_119' title='bbox 591 1597 690 1741; x_wconf 45' lang='lat' dir='ltr'><strong>umidi</strong></span> <span class='ocrx_word' id='word_1_120' title='bbox 708 1668 882 1769; x_wconf 82' lang='lat' dir='ltr'><strong>praefatue</strong></span> <span class='ocrx_word' id='word_1_121' title='bbox 900 1674 1037 1741; x_wconf 79' lang='lat' dir='ltr'><strong>Auctor</strong></span> <span class='ocrx_word' id='word_1_122' title='bbox 1054 1692 1123 1740; x_wconf 89' lang='lat' dir='ltr'><strong>nec</strong></span> <span class='ocrx_word' id='word_1_123' title='bbox 1138 1662 1356 1739; x_wconf 73' lang='lat' dir='ltr'>Sacerdotem</span> 
     </span>
     <span class='ocr_line' id='line_1_16' title="bbox 285 1762 1357 1863; baseline -0.003 -26"><span class='ocrx_word' id='word_1_124' title='bbox 285 1764 494 1838; x_wconf 85' lang='lat' dir='ltr'><strong>Tonsnram</strong></span> <span class='ocrx_word' id='word_1_125' title='bbox 512 1792 579 1863; x_wconf 91' lang='lat' dir='ltr'><strong>per</strong></span> <span class='ocrx_word' id='word_1_126' title='bbox 594 1767 628 1840; x_wconf 90' lang='lat'><strong>6.</strong></span> <span class='ocrx_word' id='word_1_127' title='bbox 645 1781 708 1840; x_wconf 89' lang='lat' dir='ltr'><strong>aut</strong></span> <span class='ocrx_word' id='word_1_128' title='bbox 727 1769 762 1841; x_wconf 88' lang='lat'><strong>8.</strong></span> <span class='ocrx_word' id='word_1_129' title='bbox 778 1765 1039 1841; x_wconf 81' lang='lat' dir='ltr'><strong>Hebdomadas</strong></span> <span class='ocrx_word' id='word_1_130' title='bbox 1057 1789 1134 1839; x_wconf 90' lang='lat' dir='ltr'><strong>non</strong></span> <span class='ocrx_word' id='word_1_131' title='bbox 1149 1762 1357 1840; x_wconf 83' lang='lat' dir='ltr'><strong>deferentem</strong></span> 
     </span>
     <span class='ocr_line' id='line_1_17' title="bbox 286 1862 882 1956; baseline 0 -21"><span class='ocrx_word' id='word_1_132' title='bbox 286 1862 434 1937; x_wconf 87' lang='lat' dir='ltr'><strong>damnat</strong></span> <span class='ocrx_word' id='word_1_133' title='bbox 451 1865 496 1937; x_wconf 88' lang='lat' dir='ltr'><strong>de</strong></span> <span class='ocrx_word' id='word_1_134' title='bbox 511 1864 671 1938; x_wconf 83' lang='lat' dir='ltr'><strong>mortali.</strong></span> <span class='ocrx_word' id='word_1_135' title='bbox 689 1873 749 1950; x_wconf 83' lang='lat' dir='ltr'><strong>(n.</strong></span> <span class='ocrx_word' id='word_1_136' title='bbox 764 1866 846 1938; x_wconf 81' lang='lat'><strong>826.</strong></span> <span class='ocrx_word' id='word_1_137' title='bbox 856 1875 882 1956; x_wconf 92' lang='lat'><strong>).</strong></span> 
     </span>
    </p>

    <p class='ocr_par' dir='ltr' id='par_1_9' title="bbox 244 1954 1363 3731">
     <span class='ocr_line' id='line_1_18' title="bbox 244 1954 1357 2058; baseline -0.001 -24"><span class='ocrx_word' id='word_1_138' title='bbox 244 1970 275 2025; x_wconf 79' lang='lat'><strong>⁵¹</strong></span> <span class='ocrx_word' id='word_1_139' title='bbox 337 1964 528 2036; x_wconf 84' lang='lat' dir='ltr'><strong>Privantur</strong></span> <span class='ocrx_word' id='word_1_140' title='bbox 546 1977 669 2036; x_wconf 90' lang='lat' dir='ltr'><strong>autem</strong></span> <span class='ocrx_word' id='word_1_141' title='bbox 695 1963 927 2048; x_wconf 84' lang='lat' dir='ltr'><strong>beneficiati,</strong></span> <span class='ocrx_word' id='word_1_142' title='bbox 947 1960 1043 2036; x_wconf 81' lang='lat' dir='ltr'><strong>eiciat</strong></span> <span class='ocrx_word' id='word_1_143' title='bbox 1057 1960 1166 2035; x_wconf 72' lang='lat' dir='ltr'><strong>etiam</strong></span> <span class='ocrx_word' id='word_1_144' title='bbox 1180 1960 1234 2049; x_wconf 86' lang='lat' dir='ltr'><strong>ii‚·</strong></span> <span class='ocrx_word' id='word_1_145' title='bbox 1248 1956 1306 2058; x_wconf 88' lang='lat' dir='ltr'><strong>qui</strong></span> <span class='ocrx_word' id='word_1_146' title='bbox 1323 1954 1357 2033; x_wconf 83' lang='lat' dir='ltr'><strong>in</strong></span> 
     </span>
     <span class='ocr_line' id='line_1_19' title="bbox 284 2054 1358 2155; baseline -0.002 -23"><span class='ocrx_word' id='word_1_147' title='bbox 284 2062 399 2133; x_wconf 83' lang='lat' dir='ltr'><strong>sacris</strong></span> <span class='ocrx_word' id='word_1_148' title='bbox 416 2078 500 2133; x_wconf 85' lang='lat' dir='ltr'><strong>sunt</strong></span> <span class='ocrx_word' id='word_1_149' title='bbox 511 2062 697 2134; x_wconf 84' lang='lat' dir='ltr'><strong>constituti</strong></span> <span class='ocrx_word' id='word_1_150' title='bbox 715 2060 883 2135; x_wconf 86' lang='lat' dir='ltr'><strong>habitum</strong></span> <span class='ocrx_word' id='word_1_151' title='bbox 896 2087 971 2135; x_wconf 90' lang='lat' dir='ltr'><strong>non</strong></span> <span class='ocrx_word' id='word_1_152' title='bbox 987 2059 1192 2138; x_wconf 79' lang='lat' dir='ltr'><strong>deferentes</strong></span> <span class='ocrx_word' id='word_1_153' title='bbox 1206 2114 1217 2148; x_wconf 86' lang='lat'>,</span> <span class='ocrx_word' id='word_1_154' title='bbox 1232 2054 1358 2155; x_wconf 82' lang='lat' dir='ltr'><strong>privile·</strong></span> 
     </span>
     <span class='ocr_line' id='line_1_20' title="bbox 285 2153 1359 2259; baseline 0.001 -29"><span class='ocrx_word' id='word_1_155' title='bbox 285 2161 344 2256; x_wconf 85' lang='lat' dir='ltr'><strong>gio</strong></span> <span class='ocrx_word' id='word_1_156' title='bbox 358 2164 429 2230; x_wconf 74' lang='lat' dir='ltr'><strong>tam</strong></span> <span class='ocrx_word' id='word_1_157' title='bbox 446 2161 530 2232; x_wconf 85' lang='lat' dir='ltr'><strong>Fori</strong></span> <span class='ocrx_word' id='word_1_158' title='bbox 545 2216 555 2248; x_wconf 87' lang='lat'>‚</span> <span class='ocrx_word' id='word_1_159' title='bbox 570 2165 680 2259; x_wconf 75' lang='lat' dir='ltr'><strong>quim</strong></span> <span class='ocrx_word' id='word_1_160' title='bbox 696 2161 879 2250; x_wconf 78' lang='lat' dir='ltr'><strong>Cataonia,</strong></span> <span class='ocrx_word' id='word_1_161' title='bbox 896 2162 1023 2257; x_wconf 78' lang='lat' dir='ltr'><strong>sipost</strong></span> <span class='ocrx_word' id='word_1_162' title='bbox 1044 2158 1188 2230; x_wconf 76' lang='lat' dir='ltr'><strong>tertiam</strong></span> <span class='ocrx_word' id='word_1_163' title='bbox 1203 2153 1359 2232; x_wconf 63' lang='lat' dir='ltr'><strong>monitio&lt;</strong></span> 
     </span>
     <span class='ocr_line' id='line_1_21' title="bbox 282 2252 1357 2357; baseline -0.007 -27"><span class='ocrx_word' id='word_1_164' title='bbox 282 2282 370 2330; x_wconf 86' lang='lat' dir='ltr'><strong>nem</strong></span> <span class='ocrx_word' id='word_1_165' title='bbox 386 2257 493 2331; x_wconf 89' lang='lat' dir='ltr'><strong>illum</strong></span> <span class='ocrx_word' id='word_1_166' title='bbox 509 2283 583 2331; x_wconf 91' lang='lat' dir='ltr'><strong>non</strong></span> <span class='ocrx_word' id='word_1_167' title='bbox 602 2273 855 2354; x_wconf 74' lang='lat' dir='ltr'><strong>reassumant,</strong></span> <span class='ocrx_word' id='word_1_168' title='bbox 883 2284 927 2331; x_wconf 81' lang='lat' dir='ltr'><strong>ea</strong></span> <span class='ocrx_word' id='word_1_169' title='bbox 942 2284 1021 2357; x_wconf 87' lang='lat' dir='ltr'><strong>cap.</strong></span> <span class='ocrx_word' id='word_1_170' title='bbox 1037 2255 1230 2351; x_wconf 80' lang='lat' dir='ltr'><strong>Contingit</strong></span> <span class='ocrx_word' id='word_1_171' title='bbox 1251 2254 1306 2347; x_wconf 73' lang='grc'><strong>45.</strong></span> <span class='ocrx_word' id='word_1_172' title='bbox 1318 2252 1357 2324; x_wconf 84' lang='lat' dir='ltr'><strong>de</strong></span> 
     </span>
     <span class='ocr_line' id='line_1_22' title="bbox 284 2350 1359 2457; baseline -0.007 -30"><span class='ocrx_word' id='word_1_173' title='bbox 284 2356 383 2427; x_wconf 88' lang='lat' dir='ltr'><strong>Sent.</strong></span> <span class='ocrx_word' id='word_1_174' title='bbox 397 2381 578 2430; x_wconf 81' lang='lat' dir='ltr'><strong>excomm.</strong></span> <span class='ocrx_word' id='word_1_175' title='bbox 594 2358 655 2454; x_wconf 88' lang='lat' dir='ltr'><strong>(n.</strong></span> <span class='ocrx_word' id='word_1_176' title='bbox 668 2358 752 2453; x_wconf 81' lang='lat'><strong>827.</strong></span> <span class='ocrx_word' id='word_1_177' title='bbox 764 2357 779 2449; x_wconf 90' lang='lat'><em>)</em></span> <span class='ocrx_word' id='word_1_178' title='bbox 791 2355 1015 2457; x_wconf 80' lang='lat' dir='ltr'><strong>Simpliciter</strong></span> <span class='ocrx_word' id='word_1_179' title='bbox 1028 2370 1151 2429; x_wconf 85' lang='lat' dir='ltr'><strong>autem</strong></span> <span class='ocrx_word' id='word_1_180' title='bbox 1166 2350 1359 2440; x_wconf 82' lang='lat' dir='ltr'><strong>Tonaurati‚</strong></span> 
     </span>
     <span class='ocr_line' id='line_1_23' title="bbox 284 2444 1360 2553; baseline 0 -28"><span class='ocrx_word' id='word_1_181' title='bbox 284 2468 351 2527; x_wconf 89' lang='lat' dir='ltr'><strong>aut</strong></span> <span class='ocrx_word' id='word_1_182' title='bbox 363 2453 495 2528; x_wconf 82' lang='lat' dir='ltr'><strong>Clerici</strong></span> <span class='ocrx_word' id='word_1_183' title='bbox 513 2454 656 2528; x_wconf 76' lang='lat' dir='ltr'><strong>tantiam</strong></span> <span class='ocrx_word' id='word_1_184' title='bbox 681 2453 727 2527; x_wconf 88' lang='lat' dir='ltr'><strong>ad</strong></span> <span class='ocrx_word' id='word_1_185' title='bbox 744 2455 903 2528; x_wconf 85' lang='lat' dir='ltr'><strong>Ordines</strong></span> <span class='ocrx_word' id='word_1_186' title='bbox 919 2455 1078 2528; x_wconf 89' lang='lat' dir='ltr'><strong>minores</strong></span> <span class='ocrx_word' id='word_1_187' title='bbox 1092 2451 1254 2553; x_wconf 89' lang='lat' dir='ltr'><strong>promoti</strong></span> <span class='ocrx_word' id='word_1_188' title='bbox 1272 2444 1360 2539; x_wconf 69' lang='grc' dir='ltr'>,εἰπὲ</span> 
     </span>
     <span class='ocr_line' id='line_1_24' title="bbox 282 2546 1363 2652; baseline -0.007 -25"><span class='ocrx_word' id='word_1_189' title='bbox 282 2552 495 2641; x_wconf 83' lang='lat' dir='ltr'><strong>Beneficio,</strong></span> <span class='ocrx_word' id='word_1_190' title='bbox 510 2580 583 2626; x_wconf 88' lang='lat' dir='ltr'><strong>non</strong></span> <span class='ocrx_word' id='word_1_191' title='bbox 601 2569 755 2652; x_wconf 89' lang='lat' dir='ltr'><strong>peccant</strong></span> <span class='ocrx_word' id='word_1_192' title='bbox 769 2557 922 2648; x_wconf 84' lang='lat' dir='ltr'><strong>graviter</strong></span> <span class='ocrx_word' id='word_1_193' title='bbox 936 2612 945 2640; x_wconf 91' lang='lat'><em>,</em></span> <span class='ocrx_word' id='word_1_194' title='bbox 960 2550 1023 2625; x_wconf 89' lang='lat' dir='ltr'><strong>sed</strong></span> <span class='ocrx_word' id='word_1_195' title='bbox 1044 2576 1120 2625; x_wconf 92' lang='lat' dir='ltr'><strong>non</strong></span> <span class='ocrx_word' id='word_1_196' title='bbox 1135 2550 1291 2650; x_wconf 83' lang='lat' dir='ltr'><strong>gaudent</strong></span> <span class='ocrx_word' id='word_1_197' title='bbox 1304 2546 1363 2646; x_wconf 83' lang='lat' dir='ltr'><strong>pri·</strong></span> 
     </span>
     <span class='ocr_line' id='line_1_25' title="bbox 282 2645 1361 2747; baseline -0.005 -25"><span class='ocrx_word' id='word_1_198' title='bbox 282 2650 415 2747; x_wconf 83' lang='lat' dir='ltr'><strong>vilegio</strong></span> <span class='ocrx_word' id='word_1_199' title='bbox 428 2651 533 2736; x_wconf 85' lang='lat' dir='ltr'><strong>Fori‚</strong></span> <span class='ocrx_word' id='word_1_200' title='bbox 548 2653 577 2725; x_wconf 86' lang='lat' dir='ltr'><strong>ai</strong></span> <span class='ocrx_word' id='word_1_201' title='bbox 589 2670 671 2724; x_wconf 89' lang='lat' dir='ltr'><strong>actu</strong></span> <span class='ocrx_word' id='word_1_202' title='bbox 687 2651 856 2725; x_wconf 87' lang='lat' dir='ltr'><strong>habitum</strong></span> <span class='ocrx_word' id='word_1_203' title='bbox 868 2677 941 2723; x_wconf 90' lang='lat' dir='ltr'><strong>non</strong></span> <span class='ocrx_word' id='word_1_204' title='bbox 955 2650 1147 2739; x_wconf 72' lang='lat' dir='ltr'><strong>demant,</strong></span> <span class='ocrx_word' id='word_1_205' title='bbox 1163 2674 1231 2724; x_wconf 85' lang='lat' dir='ltr'><strong>nec</strong></span> <span class='ocrx_word' id='word_1_206' title='bbox 1244 2645 1361 2721; x_wconf 85' lang='lat' dir='ltr'><strong>Eccle-</strong></span> 
     </span>
     <span class='ocr_line' id='line_1_26' title="bbox 283 2745 1359 2841; baseline -0.007 -19"><span class='ocrx_word' id='word_1_207' title='bbox 283 2749 346 2823; x_wconf 78' lang='lat' dir='ltr'><strong>aiae</strong></span> <span class='ocrx_word' id='word_1_208' title='bbox 363 2751 560 2823; x_wconf 79' lang='lat' dir='ltr'><strong>inserviant</strong></span> <span class='ocrx_word' id='word_1_209' title='bbox 575 2805 585 2833; x_wconf 83' lang='grc'><strong>.</strong></span> <span class='ocrx_word' id='word_1_210' title='bbox 599 2749 637 2826; x_wconf 76' lang='lat' dir='ltr'><strong>iat</strong></span> <span class='ocrx_word' id='word_1_211' title='bbox 656 2750 813 2841; x_wconf 81' lang='lat' dir='ltr'><strong>habetur</strong></span> <span class='ocrx_word' id='word_1_212' title='bbox 829 2751 868 2824; x_wconf 89' lang='lat' dir='ltr'><strong>in</strong></span> <span class='ocrx_word' id='word_1_213' title='bbox 883 2749 988 2824; x_wconf 86' lang='lat' dir='ltr'><strong>Trid.</strong></span> <span class='ocrx_word' id='word_1_214' title='bbox 1000 2775 1086 2824; x_wconf 82' lang='lat' dir='ltr'><strong>sess.</strong></span> <span class='ocrx_word' id='word_1_215' title='bbox 1100 2748 1161 2820; x_wconf 81' lang='lat'><strong>23.</strong></span> <span class='ocrx_word' id='word_1_216' title='bbox 1176 2774 1210 2822; x_wconf 91' lang='lat' dir='ltr'><strong>c.</strong></span> <span class='ocrx_word' id='word_1_217' title='bbox 1224 2745 1258 2819; x_wconf 83' lang='lat'><strong>6.</strong></span> <span class='ocrx_word' id='word_1_218' title='bbox 1274 2747 1359 2818; x_wconf 83' lang='lat' dir='ltr'><strong>Gau·</strong></span> 
     </span>
     <span class='ocr_line' id='line_1_27' title="bbox 283 2842 1359 2934; baseline -0.003 -16"><span class='ocrx_word' id='word_1_219' title='bbox 283 2844 473 2922; x_wconf 81' lang='lat' dir='ltr'><strong>dentverb</strong></span> <span class='ocrx_word' id='word_1_220' title='bbox 500 2875 575 2921; x_wconf 83' lang='lat' dir='ltr'><strong>sem</strong></span> <span class='ocrx_word' id='word_1_221' title='bbox 606 2873 646 2921; x_wconf 89' lang='lat' dir='ltr'><strong>er</strong></span> <span class='ocrx_word' id='word_1_222' title='bbox 672 2855 714 2921; x_wconf 75' lang='lat' dir='ltr'><strong>dc</strong></span> <span class='ocrx_word' id='word_1_223' title='bbox 739 2847 907 2921; x_wconf 88' lang='lat' dir='ltr'><strong>habitum</strong></span> <span class='ocrx_word' id='word_1_224' title='bbox 932 2862 1188 2934; x_wconf 85' lang='lat' dir='ltr'><strong>reassumunt,</strong></span> <span class='ocrx_word' id='word_1_225' title='bbox 1207 2844 1275 2918; x_wconf 83' lang='lat' dir='ltr'><strong>nisi</strong></span> <span class='ocrx_word' id='word_1_226' title='bbox 1297 2842 1359 2917; x_wconf 85' lang='lat' dir='ltr'><strong>hoo</strong></span> 
     </span>
     <span class='ocr_line' id='line_1_28' title="bbox 282 2874 1360 3044; baseline -0.006 -26"><span class='ocrx_word' id='word_1_227' title='bbox 282 2945 418 3018; x_wconf 83' lang='lat' dir='ltr'><strong>faciant</strong></span> <span class='ocrx_word' id='word_1_228' title='bbox 433 2948 471 3018; x_wconf 91' lang='lat' dir='ltr'><strong>in</strong></span> <span class='ocrx_word' id='word_1_229' title='bbox 484 2874 673 3035; x_wconf 69' lang='lat' dir='ltr'><strong>immilem,</strong></span> <span class='ocrx_word' id='word_1_230' title='bbox 691 2961 779 3042; x_wconf 88' lang='lat' dir='ltr'><strong>puta</strong></span> <span class='ocrx_word' id='word_1_231' title='bbox 793 2972 822 3017; x_wconf 88' lang='lat' dir='ltr'><strong>ar</strong></span> <span class='ocrx_word' id='word_1_232' title='bbox 838 2945 976 3020; x_wconf 82' lang='lat' dir='ltr'><strong>fuerint</strong></span> <span class='ocrx_word' id='word_1_233' title='bbox 989 2946 1027 3021; x_wconf 93' lang='lat' dir='ltr'><strong>in</strong></span> <span class='ocrx_word' id='word_1_234' title='bbox 1040 2971 1188 3020; x_wconf 88' lang='lat' dir='ltr'><strong>carcerc</strong></span> <span class='ocrx_word' id='word_1_235' title='bbox 1200 2949 1272 3044; x_wconf 69' lang='lat' dir='ltr'><strong>iam</strong></span> <span class='ocrx_word' id='word_1_236' title='bbox 1285 2965 1360 3014; x_wconf 92' lang='lat' dir='ltr'><strong>con·</strong></span> 
     </span>
     <span class='ocr_line' id='line_1_29' title="bbox 282 3035 1359 3144; baseline -0.003 -30"><span class='ocrx_word' id='word_1_237' title='bbox 282 3045 371 3144; x_wconf 85' lang='lat' dir='ltr'><strong>jecti</strong></span> <span class='ocrx_word' id='word_1_238' title='bbox 390 3070 457 3142; x_wconf 89' lang='lat' dir='ltr'><strong>pro</strong></span> <span class='ocrx_word' id='word_1_239' title='bbox 482 3044 736 3118; x_wconf 86' lang='lat' dir='ltr'><strong>criminalibus</strong></span> <span class='ocrx_word' id='word_1_240' title='bbox 755 3100 764 3126; x_wconf 86' lang='grc'>,</span> <span class='ocrx_word' id='word_1_241' title='bbox 782 3044 837 3118; x_wconf 87' lang='lat' dir='ltr'><strong>vel</strong></span> <span class='ocrx_word' id='word_1_242' title='bbox 857 3049 931 3141; x_wconf 84' lang='lat' dir='ltr'><strong>jam</strong></span> <span class='ocrx_word' id='word_1_243' title='bbox 958 3044 1059 3118; x_wconf 88' lang='lat' dir='ltr'><strong>citati</strong></span> <span class='ocrx_word' id='word_1_244' title='bbox 1084 3046 1125 3116; x_wconf 87' lang='lat' dir='ltr'><strong>in</strong></span> <span class='ocrx_word' id='word_1_245' title='bbox 1151 3044 1233 3117; x_wconf 81' lang='lat' dir='ltr'><strong>foro</strong></span> <span class='ocrx_word' id='word_1_246' title='bbox 1250 3035 1359 3113; x_wconf 85' lang='lat' dir='ltr'><strong>laicali</strong></span> 
     </span>
     <span class='ocr_line' id='line_1_30' title="bbox 282 3135 1359 3244; baseline -0.006 -29"><span class='ocrx_word' id='word_1_247' title='bbox 282 3168 352 3244; x_wconf 85' lang='lat' dir='ltr'><strong>pro</strong></span> <span class='ocrx_word' id='word_1_248' title='bbox 368 3140 538 3216; x_wconf 83' lang='lat' dir='ltr'><strong>civilibus</strong></span> <span class='ocrx_word' id='word_1_249' title='bbox 553 3144 630 3230; x_wconf 65' lang='lat' dir='ltr'><strong>[cit.</strong></span> <span class='ocrx_word' id='word_1_250' title='bbox 645 3170 686 3215; x_wconf 84' lang='lat' dir='ltr'><strong>n.</strong></span> <span class='ocrx_word' id='word_1_251' title='bbox 701 3145 800 3237; x_wconf 85' lang='lat'><strong>827.)</strong></span> <span class='ocrx_word' id='word_1_252' title='bbox 815 3143 930 3218; x_wconf 83' lang='lat' dir='ltr'><strong>Aliter</strong></span> <span class='ocrx_word' id='word_1_253' title='bbox 946 3156 1068 3218; x_wconf 86' lang='lat' dir='ltr'><strong>tamen</strong></span> <span class='ocrx_word' id='word_1_254' title='bbox 1086 3143 1220 3217; x_wconf 90' lang='lat' dir='ltr'><strong>dicunt</strong></span> <span class='ocrx_word' id='word_1_255' title='bbox 1233 3141 1306 3214; x_wconf 89' lang='lat' dir='ltr'><strong>DD.</strong></span> <span class='ocrx_word' id='word_1_256' title='bbox 1319 3135 1359 3210; x_wconf 84' lang='lat' dir='ltr'><strong>dc</strong></span> 
     </span>
     <span class='ocr_line' id='line_1_31' title="bbox 280 3239 1360 3341; baseline -0.006 -27"><span class='ocrx_word' id='word_1_257' title='bbox 280 3240 474 3341; x_wconf 83' lang='lat' dir='ltr'><strong>privilegio</strong></span> <span class='ocrx_word' id='word_1_258' title='bbox 486 3240 644 3315; x_wconf 86' lang='lat' dir='ltr'><strong>Canonia</strong></span> <span class='ocrx_word' id='word_1_259' title='bbox 659 3247 672 3320; x_wconf 84' lang='lat' dir='ltr'><strong>i</strong></span> <span class='ocrx_word' id='word_1_260' title='bbox 681 3239 823 3334; x_wconf 63' lang='lat' dir='ltr'><strong>tutan</strong></span> <span class='ocrx_word' id='word_1_261' title='bbox 839 3257 962 3316; x_wconf 88' lang='lat' dir='ltr'><strong>autem</strong></span> <span class='ocrx_word' id='word_1_262' title='bbox 982 3255 1132 3340; x_wconf 86' lang='lat' dir='ltr'><strong>peccet,</strong></span> <span class='ocrx_word' id='word_1_263' title='bbox 1149 3241 1214 3340; x_wconf 92' lang='lat' dir='ltr'><strong>qui</strong></span> <span class='ocrx_word' id='word_1_264' title='bbox 1228 3241 1360 3315; x_wconf 81' lang='lat' dir='ltr'><strong>Tonan-</strong></span> 
     </span>
     <span class='ocr_line' id='line_1_32' title="bbox 281 3337 1358 3439; baseline -0.008 -26"><span class='ocrx_word' id='word_1_265' title='bbox 281 3364 365 3413; x_wconf 84' lang='lat' dir='ltr'><strong>ram</strong></span> <span class='ocrx_word' id='word_1_266' title='bbox 377 3343 529 3439; x_wconf 78' lang='lat' dir='ltr'><strong>suscipit</strong></span> <span class='ocrx_word' id='word_1_267' title='bbox 547 3340 594 3413; x_wconf 92' lang='lat' dir='ltr'><strong>ad</strong></span> <span class='ocrx_word' id='word_1_268' title='bbox 608 3339 865 3439; x_wconf 84' lang='lat' dir='ltr'><strong>accipiendum</strong></span> <span class='ocrx_word' id='word_1_269' title='bbox 885 3341 1132 3429; x_wconf 80' lang='lat' dir='ltr'><strong>Beneficium,</strong></span> <span class='ocrx_word' id='word_1_270' title='bbox 1156 3337 1237 3413; x_wconf 76' lang='lat' dir='ltr'><strong>aiud</strong></span> <span class='ocrx_word' id='word_1_271' title='bbox 1249 3337 1358 3409; x_wconf 82' lang='lat' dir='ltr'><strong>animo</strong></span> 
     </span>
     <span class='ocr_line' id='line_1_33' title="bbox 281 3437 1359 3538; baseline -0.004 -29"><span class='ocrx_word' id='word_1_272' title='bbox 281 3438 526 3538; x_wconf 89' lang='lat' dir='ltr'><strong>permanendi</strong></span> <span class='ocrx_word' id='word_1_273' title='bbox 549 3441 587 3513; x_wconf 93' lang='lat' dir='ltr'><strong>in</strong></span> <span class='ocrx_word' id='word_1_274' title='bbox 610 3453 705 3512; x_wconf 79' lang='lat' dir='ltr'><strong>statu</strong></span> <span class='ocrx_word' id='word_1_275' title='bbox 734 3438 936 3516; x_wconf 78' lang='lat' dir='ltr'><strong>Clericali?</strong></span> <span class='ocrx_word' id='word_1_276' title='bbox 955 3437 1050 3511; x_wconf 91' lang='lat' dir='ltr'><strong>Vide</strong></span> <span class='ocrx_word' id='word_1_277' title='bbox 1078 3466 1170 3534; x_wconf 82' lang='lat' dir='ltr'><strong>opus</strong></span> <span class='ocrx_word' id='word_1_278' title='bbox 1205 3452 1359 3511; x_wconf 83' lang='lat' dir='ltr'><strong>nostrum</strong></span> 
     </span>
     <span class='ocr_line' id='line_1_34' title="bbox 281 3535 1361 3637; baseline -0.008 -25"><span class='ocrx_word' id='word_1_279' title='bbox 281 3536 424 3612; x_wconf 87' lang='lat' dir='ltr'><strong>morale</strong></span> <span class='ocrx_word' id='word_1_280' title='bbox 442 3553 450 3616; x_wconf 82' lang='lat' dir='ltr'><strong>t</strong></span> <span class='ocrx_word' id='word_1_281' title='bbox 471 3535 498 3609; x_wconf 91' lang='lat' dir='ltr'><strong>l.</strong></span> <span class='ocrx_word' id='word_1_282' title='bbox 516 3540 540 3630; x_wconf 73' lang='grc'><strong><em>4</em></strong></span> <span class='ocrx_word' id='word_1_283' title='bbox 555 3563 592 3611; x_wconf 91' lang='lat' dir='ltr'><strong>n.</strong></span> <span class='ocrx_word' id='word_1_284' title='bbox 614 3539 695 3611; x_wconf 72' lang='lat'><strong>113.</strong></span> <span class='ocrx_word' id='word_1_285' title='bbox 709 3536 748 3632; x_wconf 90' lang='lat'><strong>)‚</strong></span> <span class='ocrx_word' id='word_1_286' title='bbox 766 3538 830 3611; x_wconf 89' lang='lat' dir='ltr'><strong>ubi</strong></span> <span class='ocrx_word' id='word_1_287' title='bbox 844 3538 979 3612; x_wconf 89' lang='lat' dir='ltr'><strong>dicitnr</strong></span> <span class='ocrx_word' id='word_1_288' title='bbox 990 3537 1195 3637; x_wconf 80' lang='lat' dir='ltr'><strong>suscipiens</strong></span> <span class='ocrx_word' id='word_1_289' title='bbox 1211 3556 1361 3635; x_wconf 57' lang='lat' dir='ltr'><strong>morare,</strong></span> 
     </span>
     <span class='ocr_line' id='line_1_35' title="bbox 282 3634 999 3731; baseline -0.004 -21"><span class='ocrx_word' id='word_1_290' title='bbox 282 3634 349 3710; x_wconf 78' lang='lat' dir='ltr'><strong>scd</strong></span> <span class='ocrx_word' id='word_1_291' title='bbox 374 3635 614 3731; x_wconf 82' lang='lat' dir='ltr'><strong>probabiliter</strong></span> <span class='ocrx_word' id='word_1_292' title='bbox 634 3636 777 3709; x_wconf 74' lang='lat' dir='ltr'><strong>tantiam</strong></span> <span class='ocrx_word' id='word_1_293' title='bbox 797 3635 999 3709; x_wconf 87' lang='lat' dir='ltr'><strong>venialiter.</strong></span> 
     </span>
    </p>

    <p class='ocr_par' dir='ltr' id='par_1_10' title="bbox 282 3729 1359 4129">
     <span class='ocr_line' id='line_1_36' title="bbox 333 3729 1358 3833; baseline -0.012 -26"><span class='ocrx_word' id='word_1_294' title='bbox 333 3734 404 3808; x_wconf 86' lang='lat' dir='ltr'><strong>Hic</strong></span> <span class='ocrx_word' id='word_1_295' title='bbox 421 3737 518 3832; x_wconf 84' lang='lat' dir='ltr'><strong>juvat</strong></span> <span class='ocrx_word' id='word_1_296' title='bbox 534 3750 726 3822; x_wconf 82' lang='lat' dir='ltr'><strong>annotare,</strong></span> <span class='ocrx_word' id='word_1_297' title='bbox 741 3734 779 3807; x_wconf 92' lang='lat' dir='ltr'><strong>id</strong></span> <span class='ocrx_word' id='word_1_298' title='bbox 796 3733 897 3833; x_wconf 88' lang='lat' dir='ltr'><strong>qnod</strong></span> <span class='ocrx_word' id='word_1_299' title='bbox 911 3748 1088 3808; x_wconf 85' lang='lat' dir='ltr'><strong>statutum</strong></span> <span class='ocrx_word' id='word_1_300' title='bbox 1101 3729 1261 3807; x_wconf 84' lang='lat' dir='ltr'><strong>habetor</strong></span> <span class='ocrx_word' id='word_1_301' title='bbox 1273 3747 1358 3802; x_wconf 87' lang='lat' dir='ltr'><strong>anno</strong></span> 
     </span>
     <span class='ocr_line' id='line_1_37' title="bbox 287 3828 1359 3927; baseline -0.006 -21"><span class='ocrx_word' id='word_1_302' title='bbox 287 3835 392 3927; x_wconf 66' lang='lat'><strong>¹74¹·</strong></span> <span class='ocrx_word' id='word_1_303' title='bbox 414 3836 451 3904; x_wconf 89' lang='lat' dir='ltr'><strong>iu</strong></span> <span class='ocrx_word' id='word_1_304' title='bbox 473 3832 705 3908; x_wconf 85' lang='lat' dir='ltr'><strong>Concordato</strong></span> <span class='ocrx_word' id='word_1_305' title='bbox 722 3833 997 3905; x_wconf 69' lang='lat' dir='ltr'><strong>interstinctam</strong></span> <span class='ocrx_word' id='word_1_306' title='bbox 1015 3832 1145 3905; x_wconf 85' lang='lat' dir='ltr'><strong>Sedcm</strong></span> <span class='ocrx_word' id='word_1_307' title='bbox 1164 3888 1174 3920; x_wconf 86' lang='lat'>‚</span> <span class='ocrx_word' id='word_1_308' title='bbox 1205 3844 1241 3904; x_wconf 90' lang='lat' dir='ltr'><strong>et</strong></span> <span class='ocrx_word' id='word_1_309' title='bbox 1258 3828 1359 3904; x_wconf 84' lang='lat' dir='ltr'><strong>Caro·</strong></span> 
     </span>
     <span class='ocr_line' id='line_1_38' title="bbox 282 3916 1359 4029; baseline -0.009 -26"><span class='ocrx_word' id='word_1_310' title='bbox 282 3916 366 4003; x_wconf 89' lang='lat' dir='ltr'><strong>lum</strong></span> <span class='ocrx_word' id='word_1_311' title='bbox 389 3928 441 4002; x_wconf 86' lang='lat' dir='ltr'><strong>Ill</strong></span> <span class='ocrx_word' id='word_1_312' title='bbox 477 3930 608 4029; x_wconf 84' lang='lat' dir='ltr'><strong>Regem</strong></span> <span class='ocrx_word' id='word_1_313' title='bbox 635 3927 844 4029; x_wconf 79' lang='lat' dir='ltr'><strong>Regnorum</strong></span> <span class='ocrx_word' id='word_1_314' title='bbox 872 3931 1071 4025; x_wconf 84' lang='lat' dir='ltr'><strong>Neapolis.</strong></span> <span class='ocrx_word' id='word_1_315' title='bbox 1104 3945 1140 4004; x_wconf 88' lang='lat' dir='ltr'><strong>et</strong></span> <span class='ocrx_word' id='word_1_316' title='bbox 1166 3928 1359 4003; x_wconf 87' lang='lat' dir='ltr'><strong>Siciliarom</strong></span> 
     </span>
     <span class='ocr_line' id='line_1_39' title="bbox 285 4019 1359 4129; baseline -0.01 -26"><span class='ocrx_word' id='word_1_317' title='bbox 285 4025 670 4114; x_wconf 75' lang='lat' dir='ltr'><strong>ciroaOrdinatiouem</strong></span> <span class='ocrx_word' id='word_1_318' title='bbox 690 4030 1025 4129; x_wconf 84' lang='lat' dir='ltr'><strong>promovendorum</strong></span> <span class='ocrx_word' id='word_1_319' title='bbox 1039 4029 1085 4102; x_wconf 89' lang='lat' dir='ltr'><strong>ad</strong></span> <span class='ocrx_word' id='word_1_320' title='bbox 1097 4042 1234 4101; x_wconf 81' lang='lat' dir='ltr'><strong>statum</strong></span> <span class='ocrx_word' id='word_1_321' title='bbox 1246 4019 1359 4098; x_wconf 80' lang='lat' dir='ltr'><strong>Eccle·</strong></span> 
     </span>
    </p>
   </div>
   <div class='ocr_carea' id='block_1_5' title="bbox 285 4124 1359 4234">
    <p class='ocr_par' dir='ltr' id='par_1_11' title="bbox 285 4124 1359 4234">
     <span class='ocr_line' id='line_1_40' title="bbox 285 4124 1359 4234; baseline -0.006 -33"><span class='ocrx_word' id='word_1_322' title='bbox 285 4124 485 4214; x_wconf 70' lang='lat' dir='ltr'><strong>stannum.</strong></span> <span class='ocrx_word' id='word_1_323' title='bbox 502 4128 536 4205; x_wconf 77' lang='grc' dir='ltr'><strong>Ι.</strong></span> <span class='ocrx_word' id='word_1_324' title='bbox 553 4128 789 4234; x_wconf 76' lang='lat' dir='ltr'><strong>Nrimopotrd</strong></span> <span class='ocrx_word' id='word_1_325' title='bbox 799 4127 956 4208; x_wconf 78' lang='lat' dir='ltr'><strong>esrerda</strong></span> <span class='ocrx_word' id='word_1_326' title='bbox 969 4126 1198 4206; x_wconf 70' lang='lat' dir='ltr'><strong>oraoaanzi</strong></span> <span class='ocrx_word' id='word_1_327' title='bbox 1207 4142 1359 4230; x_wconf 74' lang='lat' dir='ltr'><strong>promor·</strong></span> 
     </span>
    </p>
   </div>
   <div class='ocr_carea' id='block_1_6' title="bbox 0 0 1476 4717">
    <p class='ocr_par' dir='ltr' id='par_1_12' title="bbox 0 0 1476 4717">
     <span class='ocr_line' id='line_1_41' title="bbox 0 0 1476 4717; baseline 0 0"><span class='ocrx_word' id='word_1_328' title='bbox 0 0 1476 4717; x_wconf 95' lang='lat' dir='ltr'><strong> </strong></span> 
     </span>
    </p>
   </div>
  </div>
 </body>
</html>
