2942 4717
166 266 263 368 tta
400 297 406 302 ’
544 264 877 343 tresenreuter.
1015 352 1018 357 ,
1074 321 1076 324 -

245 487 600 583 caeremon
615 493 738 586 un.
759 488 842 584 ar
869 445 1180 583 mrrnunss
1214 421 1217 426 ²
1298 469 1315 474 ”

168 796 254 871 227.
270 721 384 853 Non
396 773 499 847 adest
515 765 702 850 charitatis
715 799 809 875 opus
822 773 936 872 magis
951 772 1029 848 Deo
1045 781 1261 868 acceptum,
1321 855 1323 858 ,

168 871 359 970 magisque
375 873 423 947 ad
441 872 646 948 animarum
665 874 821 947 salutem
841 871 1079 956 conducens,
1096 871 1207 985 quam
1219 871 1262 943 in

171 985 332 1044 extremo
351 974 433 1044 vitae
456 972 622 1071 periculo
648 975 786 1074 positos
811 970 859 1056 ad
878 970 1004 1046 sancte
1025 968 1263 1043 monendum

87 1083 92 1091 ‘
130 1109 132 1114 .
171 1066 367 1167 adjuvare;
387 1095 472 1143 nam
491 1072 654 1168 ternpore
677 1071 803 1144 mortis
819 1074 954 1169 (aqua
968 1070 1264 1168 uniuscujusque

173 1180 308 1239 aeterna
328 1168 399 1240 vita
422 1168 582 1265 pendet)
597 1168 730 1262 inferni
749 1168 843 1241 vires
859 1166 1027 1241 fortiores
1039 1180 1147 1253 sunt,
1162 1164 1266 1252 infit·

171 1290 320 1354 morum
340 1262 425 1338 veri)
442 1264 649 1342 debiliores.
666 1266 785 1356 Deus,
806 1280 848 1340 ut
866 1264 1133 1350 manifestaret,
1146 1288 1265 1361 quan·

172 1362 256 1437 tiam
275 1377 413 1462 gratam
434 1363 571 1438 habeat
596 1366 837 1441 assistentiam
859 1361 1094 1440 moribundis
1141 1359 1267 1434 'msti-

54 1494 58 1500 «
171 1475 247 1532 tam
265 1462 478 1547 ,multoties
491 1461 715 1564 &Philippo
728 1464 840 1538 Nerio
855 1460 1014 1536 ostendit
1028 1389 1177 1559 angeio's
1189 1460 1263 1535 Re·

173 1558 314 1657 ligiosis
332 1562 563 1634 infirmorum
580 1561 755 1638 ministris
775 1560 883 1635 verba
900 1558 1191 1661 suppeditantes.

224 1659 306 1730 228.
332 1659 408 1732 Nec
434 1659 474 1732 id
502 1661 753 1734 Parachorum
782 1656 925 1742 tantiam
953 1659 1095 1732 munus
1116 1670 1192 1741 est,
1217 1650 1268 1728 ad

175 1782 269 1857 quos
286 1759 494 1831 animarum
514 1782 601 1832 cura
621 1784 664 1832 ex
684 1758 803 1834 officio
823 1760 1001 1857 pertinet,
1016 1754 1082 1831 sed
1095 1753 1266 1828 omnium

94 1905 96 1910 <
176 1858 285 1927 etiam
304 1855 559 1931 sacerdotum.
578 1857 632 1930 De
648 1856 822 1932 Paroehis
837 1870 957 1928 tamen
975 1854 1118 1932 Rituale
1134 1853 1269 1927 Romae

173 1979 266 2028 num
286 1955 489 2051 praesertim
510 1953 686 2054 loquens,
708 1956 778 2044 ait,
795 1954 1017 2054 praecipuam
1035 1977 1165 2026 eorum
1182 1976 1268 2026 mu·

174 2052 275 2134 neris
296 2066 437 2148 partem
456 2076 534 2124 esse
558 2055 812 2151 aegrotantium
826 2059 828 2062 ’
840 2079 966 2127 curam
990 2050 1151 2126 habere:
1170 2075 1268 2150 qua·

174 2163 329 2250 propter
346 2149 424 2223 vult
437 2207 446 2239 ,
465 2164 506 2224 ut
521 2150 610 2249 ipsi,
627 2151 754 2225 statim
766 2179 808 2225 ac
823 2148 1048 2250 aliquem'ex
1063 2150 1143 2224 suis
1155 2172 1269 2250 paro·

178 2247 319 2334 chianis
336 2261 511 2346 aegrotare
528 2248 762 2347 intelligunt,
782 2275 856 2322 non
875 2263 1085 2349 expectent,
1104 2265 1146 2321 ut
1168 2248 1270 2323 iufir-
1300 2325 1310 2340 ‚

175 2372 260 2419 mus
279 2346 489 2424 Parochum
501 2363 680 2434 arcessat,
695 2347 761 2421 sed
775 2348 853 2448 ipse
864 2343 1165 2443 Parochuaultro
1178 2370 1267 2421 eum
1294 2356 1300 2364 “

176 2444 331 2518 invisere
347 2460 471 2535 curet;
488 2439 601 2544 idque
615 2471 690 2519 non
703 2447 819 2536 semel
836 2443 998 2532 tantiam,
1011 2443 1078 2519 sed
1089 2443 1269 2543 frequen·

133 2578 147 2594 e
175 2540 251 2615 tiirs
261 2598 271 2632 ‚
283 2547 312 2615 si
326 2543 515 2646 infirmum
530 2544 639 2616 etiam
651 2546 779 2647 spiritu
794 2557 966 2642 aegrotare
978 2541 1145 2620 advertit.
1156 2538 1271 2636 Quod

178 2643 208 2713 si
228 2638 392 2738 legitime
408 2643 453 2715 air
472 2641 693 2742 impeditus,
711 2644 751 2717 id
770 2642 900 2718 saltem
946 2640 1170 2717 raestandnm
1183 2667 1271 2741 pro-

177 2738 320 2811 videbit
334 2765 403 2839 per
418 2740 532 2812 atium
551 2738 806 2826 Sacerdotem,
831 2767 892 2815 mo
959 2740 1021 2814 hic
1039 2741 1086 2813 sit
1105 2741 1187 2840 pius
1202 2795 1211 2828 ,
1229 2752 1270 2815 et

176 2834 365 2936 prudens;
385 2836 538 2938 quidam
552 2840 651 2911 enim
666 2840 880 2913 Sacerdotes
895 2895 903 2925 ,
920 2838 991 2912 boc
1008 2855 1143 2912 monus
1161 2864 1271 2912 exer·
1383 2895 1385 2904 .

179 2932 300 3009 cendo
318 2936 456 3032 ,magis
476 2940 585 3038 quarn
605 2937 772 3027 utilitati,
788 2938 924 3011 damno
941 2962 1017 3011 esse
1035 2936 1174 3035 solent,
1191 2940 1270 3010 tam

178 3032 354 3114 infirmis,
372 3038 484 3130 quam
503 3031 595 3121 sibi,
612 3049 650 3109 et
665 3038 899 3110 infirmorum
917 3036 1148 3125 domesticis,
1170 3062 1270 3135 quo·

178 3153 261 3204 rum
279 3129 484 3224 profectum
501 3132 675 3231 Sacerdos
690 3137 860 3209 assistens
876 3137 986 3208 etiam
1004 3135 1184 3234 respicere
1201 3132 1270 3206 de-

173 3221 253 3303 bet.
268 3228 391 3301 Monet
402 3231 553 3330 insuper
566 3231 728 3324 Rimata,
739 3229 997 3307 utsiSacerdos
1011 3230 1273 3322 fortedeesset.

111 3331 115 3338 ’
178 3326 220 3400 id
244 3323 430 3424 Parasitus
453 3330 700 3428 praestandum
727 3344 832 3408 curet
854 3330 984 3406 saltem
1014 3357 1081 3431 per
1105 3331 1272 3433 aliquem

178 3415 318 3500 laicum
342 3426 504 3527 piumet
527 3428 725 3504 christiana
750 3429 926 3506 charitate
952 3429 1175 3530 praeditum,
1201 3427 1272 3530 qui

178 3525 315 3601 sanctis
331 3524 453 3602 verbis
470 3521 617 3602 infirmo
637 3543 769 3630 praesto
786 3530 846 3604 sit.

278 3751 280 3758 ’
313 3717 344 3820 5.
369 3719 399 3798 Ῑ.
425 3697 566 3797 Montio
581 3724 633 3806 ad
643 3715 865 3836 Sacerdotem
884 3702 1125 3802 assistentem.

191 4000 194 4009 ,
232 3939 314 4017 229.
340 3919 368 3993 1.
386 3916 560 3992 Sacerdos
579 3916 675 3991 clam
693 3925 864 4033 procuret
877 3922 903 3995 d
922 3894 1067 3994 rnedioo
1087 3918 1197 4009 scire,
1210 3915 1267 3998 au

182 4014 374 4114 infirmitas
397 4020 442 4091 sit
466 4017 640 4093 mortalis.
662 4019 754 4092 Dico
775 4020 898 4105 clam,
928 4020 1013 4120 quia
1037 4017 1269 4094 detestabilis

20 4192 25 4200 ,
114 4165 119 4169 -
181 4128 270 4191 usus
285 4113 514 4194 medicorum
527 4128 602 4233 estz
614 4131 768 4219 aegrotos
783 4115 954 4221 decipere
962 4144 1037 4224 ,ne
1049 4144 1112 4196 eoa
1126 4132 1163 4194 et
1175 4144 1261 4222 pro·
