<?xml version="1.0" encoding="UTF-8"?>
<!DOCTYPE html PUBLIC "-//W3C//DTD XHTML 1.0 Transitional//EN"
    "http://www.w3.org/TR/xhtml1/DTD/xhtml1-transitional.dtd">
<html xmlns="http://www.w3.org/1999/xhtml" xml:lang="en" lang="en">
 <head>
  <title>
</title>
<meta http-equiv="Content-Type" content="text/html;charset=utf-8" />
  <meta name='ocr-system' content='tesseract 3.04.00' />
  <meta name='ocr-capabilities' content='ocr_page ocr_carea ocr_par ocr_line ocrx_word'/>
</head>
<body>
  <div class='ocr_page' id='page_1' title='image "./theologiamorali02mansgoog_0300.png"; bbox 0 0 2942 4717; ppageno 0'>
   <div class='ocr_carea' id='block_1_1' title="bbox 259 171 1014 298">
    <p class='ocr_par' dir='ltr' id='par_1_1' title="bbox 259 171 1014 298">
     <span class='ocr_line' id='line_1_1' title="bbox 259 171 1014 298; baseline -0.009 -11"><span class='ocrx_word' id='word_1_1' title='bbox 259 230 322 298; x_wconf 79' lang='lat'><strong>27²</strong></span> <span class='ocrx_word' id='word_1_2' title='bbox 580 213 721 287; x_wconf 81' lang='lat' dir='ltr'><strong>Examen</strong></span> <span class='ocrx_word' id='word_1_3' title='bbox 737 171 1014 291; x_wconf 77' lang='lat' dir='ltr'><strong>ordinandorum.</strong></span> 
     </span>
    </p>
   </div>
   <div class='ocr_carea' id='block_1_2' title="bbox 113 321 1431 4169">
    <p class='ocr_par' dir='ltr' id='par_1_2' title="bbox 265 321 1431 1017">
     <span class='ocr_line' id='line_1_2' title="bbox 265 321 1378 426; baseline 0.003 -29"><span class='ocrx_word' id='word_1_4' title='bbox 265 340 376 398; x_wconf 86' lang='lat' dir='ltr'><strong>testas</strong></span> <span class='ocrx_word' id='word_1_5' title='bbox 392 321 438 405; x_wconf 86' lang='lat' dir='ltr'><strong>ad</strong></span> <span class='ocrx_word' id='word_1_6' title='bbox 453 323 635 423; x_wconf 80' lang='lat' dir='ltr'><strong>integrum</strong></span> <span class='ocrx_word' id='word_1_7' title='bbox 650 327 876 399; x_wconf 86' lang='lat' dir='ltr'><strong>Sacrificium</strong></span> <span class='ocrx_word' id='word_1_8' title='bbox 891 351 900 417; x_wconf 87' lang='lat'>;</span> <span class='ocrx_word' id='word_1_9' title='bbox 914 322 949 399; x_wconf 80' lang='grc' dir='ltr'><strong>εἰ</strong></span> <span class='ocrx_word' id='word_1_10' title='bbox 962 324 1091 399; x_wconf 87' lang='lat' dir='ltr'><strong>eodem</strong></span> <span class='ocrx_word' id='word_1_11' title='bbox 1105 339 1260 426; x_wconf 88' lang='lat' dir='ltr'><strong>tempore</strong></span> <span class='ocrx_word' id='word_1_12' title='bbox 1271 322 1329 418; x_wconf 83' lang='lat' dir='ltr'><strong>de·</strong></span> <span class='ocrx_word' id='word_1_13' title='bbox 1374 358 1378 367; x_wconf 95' lang='lat'><em>·</em></span> 
     </span>
     <span class='ocr_line' id='line_1_3' title="bbox 266 422 1330 521; baseline 0.003 -26"><span class='ocrx_word' id='word_1_14' title='bbox 266 422 352 495; x_wconf 87' lang='lat' dir='ltr'><strong>beat</strong></span> <span class='ocrx_word' id='word_1_15' title='bbox 369 424 485 507; x_wconf 89' lang='lat' dir='ltr'><strong>tradi,</strong></span> <span class='ocrx_word' id='word_1_16' title='bbox 500 450 585 496; x_wconf 90' lang='lat' dir='ltr'><strong>cum</strong></span> <span class='ocrx_word' id='word_1_17' title='bbox 601 438 755 521; x_wconf 88' lang='lat' dir='ltr'><strong>potestas</strong></span> <span class='ocrx_word' id='word_1_18' title='bbox 765 423 1004 498; x_wconf 86' lang='lat' dir='ltr'><strong>Sacerdotalis</strong></span> <span class='ocrx_word' id='word_1_19' title='bbox 1015 424 1330 498; x_wconf 82' lang='lat' dir='ltr'><strong>adsacrifioandnm</strong></span> 
     </span>
     <span class='ocr_line' id='line_1_4' title="bbox 267 520 1431 622; baseline 0.005 -29"><span class='ocrx_word' id='word_1_20' title='bbox 267 523 315 593; x_wconf 86' lang='lat' dir='ltr'><strong>sit</strong></span> <span class='ocrx_word' id='word_1_21' title='bbox 333 520 588 608; x_wconf 86' lang='lat' dir='ltr'><strong>indivisibilis,</strong></span> <span class='ocrx_word' id='word_1_22' title='bbox 610 524 657 594; x_wconf 76' lang='lat' dir='ltr'><strong>ita</strong></span> <span class='ocrx_word' id='word_1_23' title='bbox 679 522 903 620; x_wconf 73' lang='lat' dir='ltr'><strong>probabilior</strong></span> <span class='ocrx_word' id='word_1_24' title='bbox 916 525 1107 609; x_wconf 86' lang='lat' dir='ltr'><strong>sententia,</strong></span> <span class='ocrx_word' id='word_1_25' title='bbox 1132 549 1211 622; x_wconf 87' lang='lat' dir='ltr'><strong>quae</strong></span> <span class='ocrx_word' id='word_1_26' title='bbox 1227 526 1332 596; x_wconf 90' lang='lat' dir='ltr'><strong>omni·</strong></span> <span class='ocrx_word' id='word_1_27' title='bbox 1430 588 1431 599; x_wconf 70' lang='grc'>,</span> 
     </span>
     <span class='ocr_line' id='line_1_5' title="bbox 266 610 1431 720; baseline 0.003 -28"><span class='ocrx_word' id='word_1_28' title='bbox 266 618 316 692; x_wconf 82' lang='lat' dir='ltr'><strong>nb</strong></span> <span class='ocrx_word' id='word_1_29' title='bbox 333 621 490 706; x_wconf 80' lang='lat' dir='ltr'><strong>tenenda</strong></span> <span class='ocrx_word' id='word_1_30' title='bbox 505 635 559 694; x_wconf 91' lang='lat' dir='ltr'><strong>est</strong></span> <span class='ocrx_word' id='word_1_31' title='bbox 575 622 614 719; x_wconf 74' lang='lat' dir='ltr'><strong>(l.</strong></span> <span class='ocrx_word' id='word_1_32' title='bbox 632 619 657 693; x_wconf 88' lang='lat'>6</span> <span class='ocrx_word' id='word_1_33' title='bbox 673 649 709 693; x_wconf 87' lang='lat' dir='ltr'><strong>n.</strong></span> <span class='ocrx_word' id='word_1_34' title='bbox 729 623 828 720; x_wconf 83' lang='lat'><strong>750.)</strong></span> <span class='ocrx_word' id='word_1_35' title='bbox 846 622 939 695; x_wconf 87' lang='lat' dir='ltr'><strong>Item</strong></span> <span class='ocrx_word' id='word_1_36' title='bbox 959 614 1091 696; x_wconf 84' lang='lat' dir='ltr'><strong>debeat</strong></span> <span class='ocrx_word' id='word_1_37' title='bbox 1109 622 1200 695; x_wconf 88' lang='lat' dir='ltr'><strong>tradi</strong></span> <span class='ocrx_word' id='word_1_38' title='bbox 1218 621 1259 695; x_wconf 87' lang='lat' dir='ltr'><strong>ab</strong></span> <span class='ocrx_word' id='word_1_39' title='bbox 1275 646 1331 694; x_wconf 82' lang='lat' dir='ltr'><strong>eo·</strong></span> <span class='ocrx_word' id='word_1_40' title='bbox 1428 610 1431 667; x_wconf 75' lang='lat' dir='ltr'><strong>l</strong></span> 
     </span>
     <span class='ocr_line' id='line_1_6' title="bbox 268 718 1332 807; baseline 0.005 -18"><span class='ocrx_word' id='word_1_41' title='bbox 268 718 354 802; x_wconf 85' lang='lat' dir='ltr'><strong>dem</strong></span> <span class='ocrx_word' id='word_1_42' title='bbox 379 719 572 792; x_wconf 88' lang='lat' dir='ltr'><strong>ordinante</strong></span> <span class='ocrx_word' id='word_1_43' title='bbox 591 775 599 801; x_wconf 85' lang='lat'><strong>,</strong></span> <span class='ocrx_word' id='word_1_44' title='bbox 626 734 662 791; x_wconf 90' lang='lat' dir='ltr'><strong>et</strong></span> <span class='ocrx_word' id='word_1_45' title='bbox 682 720 911 807; x_wconf 81' lang='lat' dir='ltr'>celebrante,</span> <span class='ocrx_word' id='word_1_46' title='bbox 933 720 975 793; x_wconf 82' lang='lat' dir='ltr'><strong>iit</strong></span> <span class='ocrx_word' id='word_1_47' title='bbox 995 737 1049 794; x_wconf 89' lang='lat' dir='ltr'><strong>est</strong></span> <span class='ocrx_word' id='word_1_48' title='bbox 1072 749 1108 795; x_wconf 90' lang='lat' dir='ltr'><strong>n.</strong></span> <span class='ocrx_word' id='word_1_49' title='bbox 1130 721 1176 795; x_wconf 84' lang='lat'><strong>53</strong></span> <span class='ocrx_word' id='word_1_50' title='bbox 1196 721 1232 791; x_wconf 90' lang='lat' dir='ltr'><strong>in</strong></span> <span class='ocrx_word' id='word_1_51' title='bbox 1255 722 1332 794; x_wconf 83' lang='lat' dir='ltr'><strong>fine.</strong></span> 
     </span>
     <span class='ocr_line' id='line_1_7' title="bbox 266 816 1333 918; baseline -0.003 -27"><span class='ocrx_word' id='word_1_52' title='bbox 266 817 430 891; x_wconf 86' lang='lat' dir='ltr'><strong>Dicimus</strong></span> <span class='ocrx_word' id='word_1_53' title='bbox 439 816 485 890; x_wconf 92' lang='grc' dir='ltr'><strong>ΙΙ.</strong></span> <span class='ocrx_word' id='word_1_54' title='bbox 499 817 608 909; x_wconf 85' lang='lat' dir='ltr'><strong>Quod</strong></span> <span class='ocrx_word' id='word_1_55' title='bbox 620 843 695 891; x_wconf 88' lang='lat' dir='ltr'><strong>non</strong></span> <span class='ocrx_word' id='word_1_56' title='bbox 707 817 862 891; x_wconf 84' lang='lat' dir='ltr'><strong>sufficiat</strong></span> <span class='ocrx_word' id='word_1_57' title='bbox 872 835 1017 918; x_wconf 83' lang='lat' dir='ltr'><strong>tangere</strong></span> <span class='ocrx_word' id='word_1_58' title='bbox 1029 818 1170 899; x_wconf 77' lang='lat' dir='ltr'><strong>tantiam</strong></span> <span class='ocrx_word' id='word_1_59' title='bbox 1183 817 1333 904; x_wconf 76' lang='lat' dir='ltr'><strong>calicem,</strong></span> 
     </span>
     <span class='ocr_line' id='line_1_8' title="bbox 268 916 1338 1017; baseline -0.001 -29"><span class='ocrx_word' id='word_1_60' title='bbox 268 929 305 988; x_wconf 87' lang='lat' dir='ltr'><strong>et</strong></span> <span class='ocrx_word' id='word_1_61' title='bbox 319 941 393 988; x_wconf 91' lang='lat' dir='ltr'><strong>non</strong></span> <span class='ocrx_word' id='word_1_62' title='bbox 408 929 599 1015; x_wconf 87' lang='lat' dir='ltr'><strong>patenam,</strong></span> <span class='ocrx_word' id='word_1_63' title='bbox 613 944 701 989; x_wconf 89' lang='lat' dir='ltr'><strong>com</strong></span> <span class='ocrx_word' id='word_1_64' title='bbox 717 917 919 1017; x_wconf 87' lang='lat' dir='ltr'><strong>probabilis</strong></span> <span class='ocrx_word' id='word_1_65' title='bbox 933 916 979 990; x_wconf 87' lang='lat' dir='ltr'><strong>sit</strong></span> <span class='ocrx_word' id='word_1_66' title='bbox 991 921 1174 990; x_wconf 87' lang='lat' dir='ltr'><strong>sententia</strong></span> <span class='ocrx_word' id='word_1_67' title='bbox 1186 975 1195 1003; x_wconf 90' lang='lat'><strong>,</strong></span> <span class='ocrx_word' id='word_1_68' title='bbox 1209 930 1338 1015; x_wconf 74' lang='lat' dir='ltr'><strong>utrum·¹</strong></span> 
     </span>
    </p>

    <p class='ocr_par' dir='ltr' id='par_1_3' title="bbox 113 1013 1342 2098">
     <span class='ocr_line' id='line_1_9' title="bbox 113 1013 1336 1115; baseline -0.001 -27"><span class='ocrx_word' id='word_1_69' title='bbox 113 1069 122 1079; x_wconf 76' lang='lat'><em>.</em></span> <span class='ocrx_word' id='word_1_70' title='bbox 247 1070 249 1072; x_wconf 25' lang='grc' dir='ltr'>ψ</span> <span class='ocrx_word' id='word_1_71' title='bbox 269 1039 342 1114; x_wconf 87' lang='lat' dir='ltr'><strong>qne</strong></span> <span class='ocrx_word' id='word_1_72' title='bbox 354 1040 430 1088; x_wconf 87' lang='lat' dir='ltr'><strong>esse</strong></span> <span class='ocrx_word' id='word_1_73' title='bbox 444 1014 667 1110; x_wconf 85' lang='lat' dir='ltr'><strong>tangendum</strong></span> <span class='ocrx_word' id='word_1_74' title='bbox 683 1023 696 1103; x_wconf 93' lang='lat'><strong>(</strong></span> <span class='ocrx_word' id='word_1_75' title='bbox 706 1041 743 1088; x_wconf 90' lang='lat' dir='ltr'><strong>n.</strong></span> <span class='ocrx_word' id='word_1_76' title='bbox 757 1016 1037 1114; x_wconf 17' lang='lat' dir='ltr'><strong>75⁴3.)Dicimus</strong></span> <span class='ocrx_word' id='word_1_77' title='bbox 1050 1016 1112 1091; x_wconf 80' lang='grc' dir='ltr'><strong>ΙΙΙ.</strong></span> <span class='ocrx_word' id='word_1_78' title='bbox 1131 1013 1336 1115; x_wconf 65' lang='lat' dir='ltr'><strong>quodlicet</strong></span> 
     </span>
     <span class='ocr_line' id='line_1_10' title="bbox 266 1111 1337 1211; baseline -0.001 -28"><span class='ocrx_word' id='word_1_79' title='bbox 266 1136 311 1185; x_wconf 84' lang='lat' dir='ltr'><strong>ex</strong></span> <span class='ocrx_word' id='word_1_80' title='bbox 334 1116 524 1190; x_wconf 87' lang='lat' dir='ltr'><strong>commoni</strong></span> <span class='ocrx_word' id='word_1_81' title='bbox 545 1117 726 1187; x_wconf 87' lang='lat' dir='ltr'><strong>sententia</strong></span> <span class='ocrx_word' id='word_1_82' title='bbox 745 1111 860 1191; x_wconf 71' lang='lat' dir='ltr'><strong>aalide</strong></span> <span class='ocrx_word' id='word_1_83' title='bbox 883 1111 1073 1189; x_wconf 88' lang='lat' dir='ltr'><strong>ordinatus</strong></span> <span class='ocrx_word' id='word_1_84' title='bbox 1095 1114 1160 1198; x_wconf 88' lang='lat' dir='ltr'><strong>sit,</strong></span> <span class='ocrx_word' id='word_1_85' title='bbox 1184 1113 1246 1211; x_wconf 91' lang='lat' dir='ltr'><strong>qui</strong></span> <span class='ocrx_word' id='word_1_86' title='bbox 1262 1126 1337 1184; x_wconf 89' lang='lat' dir='ltr'><strong>tan·</strong></span> 
     </span>
     <span class='ocr_line' id='line_1_11' title="bbox 267 1209 1337 1313; baseline -0.001 -30"><span class='ocrx_word' id='word_1_87' title='bbox 267 1209 348 1284; x_wconf 77' lang='lat' dir='ltr'><strong>tiam</strong></span> <span class='ocrx_word' id='word_1_88' title='bbox 368 1211 545 1296; x_wconf 82' lang='lat' dir='ltr'><strong>hostiam,</strong></span> <span class='ocrx_word' id='word_1_89' title='bbox 564 1229 601 1295; x_wconf 86' lang='lat' dir='ltr'><strong>et</strong></span> <span class='ocrx_word' id='word_1_90' title='bbox 619 1238 694 1284; x_wconf 93' lang='lat' dir='ltr'><strong>non</strong></span> <span class='ocrx_word' id='word_1_91' title='bbox 715 1223 884 1309; x_wconf 87' lang='lat' dir='ltr'><strong>patenam</strong></span> <span class='ocrx_word' id='word_1_92' title='bbox 902 1215 1040 1313; x_wconf 80' lang='lat' dir='ltr'><strong>tetigit,</strong></span> <span class='ocrx_word' id='word_1_93' title='bbox 1056 1215 1141 1312; x_wconf 87' lang='lat' dir='ltr'><strong>quia</strong></span> <span class='ocrx_word' id='word_1_94' title='bbox 1159 1211 1272 1283; x_wconf 84' lang='lat' dir='ltr'><strong>hostia</strong></span> <span class='ocrx_word' id='word_1_95' title='bbox 1286 1266 1293 1295; x_wconf 91' lang='lat'><strong>,</strong></span> <span class='ocrx_word' id='word_1_96' title='bbox 1305 1223 1337 1282; x_wconf 87' lang='lat' dir='ltr'><strong>et</strong></span> 
     </span>
     <span class='ocr_line' id='line_1_12' title="bbox 267 1309 1338 1409; baseline -0.006 -23"><span class='ocrx_word' id='word_1_97' title='bbox 267 1310 395 1386; x_wconf 75' lang='lat' dir='ltr'><strong>vinum</strong></span> <span class='ocrx_word' id='word_1_98' title='bbox 412 1320 499 1385; x_wconf 86' lang='lat' dir='ltr'><strong>sunt</strong></span> <span class='ocrx_word' id='word_1_99' title='bbox 518 1313 668 1391; x_wconf 87' lang='lat' dir='ltr'><strong>materia</strong></span> <span class='ocrx_word' id='word_1_100' title='bbox 683 1309 934 1409; x_wconf 73' lang='lat' dir='ltr'><strong>substantialis</strong></span> <span class='ocrx_word' id='word_1_101' title='bbox 950 1337 968 1396; x_wconf 84' lang='lat'><strong>,·</strong></span> <span class='ocrx_word' id='word_1_102' title='bbox 982 1325 1019 1385; x_wconf 89' lang='lat' dir='ltr'><strong>et</strong></span> <span class='ocrx_word' id='word_1_103' title='bbox 1040 1311 1136 1393; x_wconf 74' lang='lat' dir='ltr'><strong>c&#39;alix</strong></span> <span class='ocrx_word' id='word_1_104' title='bbox 1155 1336 1198 1387; x_wconf 88' lang='lat' dir='ltr'><strong>ac</strong></span> <span class='ocrx_word' id='word_1_105' title='bbox 1219 1323 1338 1409; x_wconf 88' lang='lat' dir='ltr'><strong>patena</strong></span> 
     </span>
     <span class='ocr_line' id='line_1_13' title="bbox 267 1406 1339 1502; baseline -0.002 -22"><span class='ocrx_word' id='word_1_106' title='bbox 267 1407 413 1482; x_wconf 78' lang='lat' dir='ltr'><strong>tantbm</strong></span> <span class='ocrx_word' id='word_1_107' title='bbox 427 1408 476 1481; x_wconf 91' lang='lat' dir='ltr'><strong>ob</strong></span> <span class='ocrx_word' id='word_1_108' title='bbox 491 1406 699 1481; x_wconf 80' lang='lat' dir='ltr'>decentiam</span> <span class='ocrx_word' id='word_1_109' title='bbox 714 1408 955 1502; x_wconf 71' lang='lat' dir='ltr'><strong>adhibentur,</strong></span> <span class='ocrx_word' id='word_1_110' title='bbox 971 1425 1131 1487; x_wconf 88' lang='lat' dir='ltr'><strong>attamen</strong></span> <span class='ocrx_word' id='word_1_111' title='bbox 1147 1407 1339 1483; x_wconf 78' lang='lat' dir='ltr'><strong>corisultins</strong></span> 
     </span>
     <span class='ocr_line' id='line_1_14' title="bbox 267 1503 1339 1609; baseline -0.002 -31"><span class='ocrx_word' id='word_1_112' title='bbox 267 1510 331 1596; x_wconf 87' lang='lat' dir='ltr'><strong>sit,</strong></span> <span class='ocrx_word' id='word_1_113' title='bbox 349 1524 392 1596; x_wconf 21' lang='lat' dir='ltr'><strong>&#39;ut</strong></span> <span class='ocrx_word' id='word_1_114' title='bbox 408 1507 489 1580; x_wconf 89' lang='lat' dir='ltr'><strong>talis</strong></span> <span class='ocrx_word' id='word_1_115' title='bbox 506 1507 699 1580; x_wconf 71' lang='lat' dir='ltr'><strong>Ordinatio</strong></span> <span class='ocrx_word' id='word_1_116' title='bbox 712 1524 919 1607; x_wconf 85' lang='lat' dir='ltr'><strong>repetatur,</strong></span> <span class='ocrx_word' id='word_1_117' title='bbox 937 1535 1022 1584; x_wconf 89' lang='lat' dir='ltr'><strong>cum</strong></span> <span class='ocrx_word' id='word_1_118' title='bbox 1037 1505 1285 1609; x_wconf 86' lang='lat' dir='ltr'><strong>quatuorDD.</strong></span> <span class='ocrx_word' id='word_1_119' title='bbox 1299 1503 1339 1577; x_wconf 86' lang='lat' dir='ltr'><strong>de</strong></span> 
     </span>
     <span class='ocr_line' id='line_1_15' title="bbox 268 1604 1340 1699; baseline -0.004 -22"><span class='ocrx_word' id='word_1_120' title='bbox 268 1631 309 1677; x_wconf 87' lang='lat' dir='ltr'><strong>ea</strong></span> <span class='ocrx_word' id='word_1_121' title='bbox 327 1604 518 1694; x_wconf 83' lang='lat' dir='ltr'>dubitent,</span> <span class='ocrx_word' id='word_1_122' title='bbox 537 1621 574 1678; x_wconf 88' lang='lat' dir='ltr'><strong>et</strong></span> <span class='ocrx_word' id='word_1_123' title='bbox 592 1609 632 1678; x_wconf 87' lang='lat' dir='ltr'><strong>in</strong></span> <span class='ocrx_word' id='word_1_124' title='bbox 648 1605 854 1678; x_wconf 83' lang='lat' dir='ltr'><strong>Pontificali</strong></span> <span class='ocrx_word' id='word_1_125' title='bbox 871 1611 888 1699; x_wconf 85' lang='lat'><strong>(</strong></span> <span class='ocrx_word' id='word_1_126' title='bbox 902 1607 965 1680; x_wconf 88' lang='lat' dir='ltr'><strong>nbi</strong></span> <span class='ocrx_word' id='word_1_127' title='bbox 986 1608 1027 1685; x_wconf 84' lang='lat' dir='ltr'><strong>fit</strong></span> <span class='ocrx_word' id='word_1_128' title='bbox 1037 1633 1158 1695; x_wconf 82' lang='lat' dir='ltr'><strong>sermo</strong></span> <span class='ocrx_word' id='word_1_129' title='bbox 1174 1605 1219 1678; x_wconf 89' lang='lat' dir='ltr'><strong>de</strong></span> <span class='ocrx_word' id='word_1_130' title='bbox 1234 1618 1340 1675; x_wconf 90' lang='lat' dir='ltr'><strong>mate-</strong></span> 
     </span>
     <span class='ocr_line' id='line_1_16' title="bbox 267 1702 1342 1800; baseline -0.005 -25"><span class='ocrx_word' id='word_1_131' title='bbox 267 1706 346 1797; x_wconf 88' lang='lat' dir='ltr'><strong>ria)</strong></span> <span class='ocrx_word' id='word_1_132' title='bbox 360 1705 507 1777; x_wconf 86' lang='lat' dir='ltr'><strong>dicatur</strong></span> <span class='ocrx_word' id='word_1_133' title='bbox 522 1733 531 1776; x_wconf 71' lang='grc' dir='ltr'><strong>ε</strong></span> <span class='ocrx_word' id='word_1_134' title='bbox 547 1706 596 1778; x_wconf 77' lang='lat' dir='ltr'><strong>Et</strong></span> <span class='ocrx_word' id='word_1_135' title='bbox 606 1729 755 1800; x_wconf 82' lang='lat' dir='ltr'><strong>cuppam</strong></span> <span class='ocrx_word' id='word_1_136' title='bbox 769 1705 911 1796; x_wconf 73' lang='lat' dir='ltr'><strong>sollcr&#39;s,</strong></span> <span class='ocrx_word' id='word_1_137' title='bbox 928 1722 965 1779; x_wconf 83' lang='lat' dir='ltr'><strong>et</strong></span> <span class='ocrx_word' id='word_1_138' title='bbox 975 1702 1143 1798; x_wconf 72' lang='lat' dir='ltr'><strong>patenam</strong></span> <span class='ocrx_word' id='word_1_139' title='bbox 1155 1702 1262 1776; x_wconf 73' lang='lat' dir='ltr'><strong>simet</strong></span> <span class='ocrx_word' id='word_1_140' title='bbox 1270 1719 1342 1774; x_wconf 84' lang='lat' dir='ltr'><strong>ton-</strong></span> 
     </span>
     <span class='ocr_line' id='line_1_17' title="bbox 256 1800 1342 1899; baseline 0.002 -27"><span class='ocrx_word' id='word_1_141' title='bbox 256 1820 355 1897; x_wconf 65' lang='lat' dir='ltr'><strong>gent</strong></span> <span class='ocrx_word' id='word_1_142' title='bbox 371 1815 382 1889; x_wconf 89' lang='lat'><strong>(</strong></span> <span class='ocrx_word' id='word_1_143' title='bbox 399 1804 564 1899; x_wconf 75' lang='lat' dir='ltr'><strong>n.751.)</strong></span> <span class='ocrx_word' id='word_1_144' title='bbox 580 1802 628 1876; x_wconf 77' lang='lat' dir='ltr'><strong>Et</strong></span> <span class='ocrx_word' id='word_1_145' title='bbox 639 1801 739 1881; x_wconf 83' lang='lat' dir='ltr'><strong>idem</strong></span> <span class='ocrx_word' id='word_1_146' title='bbox 754 1801 899 1876; x_wconf 85' lang='lat' dir='ltr'><strong>videtur</strong></span> <span class='ocrx_word' id='word_1_147' title='bbox 917 1803 1117 1877; x_wconf 89' lang='lat' dir='ltr'><strong>dicendum</strong></span> <span class='ocrx_word' id='word_1_148' title='bbox 1136 1803 1183 1875; x_wconf 87' lang='lat' dir='ltr'><strong>de</strong></span> <span class='ocrx_word' id='word_1_149' title='bbox 1199 1828 1241 1874; x_wconf 90' lang='lat' dir='ltr'><strong>eo</strong></span> <span class='ocrx_word' id='word_1_150' title='bbox 1257 1857 1265 1885; x_wconf 93' lang='lat'><strong>,</strong></span> <span class='ocrx_word' id='word_1_151' title='bbox 1286 1800 1342 1897; x_wconf 90' lang='lat' dir='ltr'><strong>qni</strong></span> 
     </span>
     <span class='ocr_line' id='line_1_18' title="bbox 268 1899 1342 2001; baseline -0.003 -27"><span class='ocrx_word' id='word_1_152' title='bbox 268 1903 385 2000; x_wconf 83' lang='lat' dir='ltr'><strong>tangit</strong></span> <span class='ocrx_word' id='word_1_153' title='bbox 400 1900 544 1976; x_wconf 84' lang='lat' dir='ltr'><strong>tantiam</strong></span> <span class='ocrx_word' id='word_1_154' title='bbox 563 1918 761 2001; x_wconf 89' lang='lat' dir='ltr'><strong>patenam,</strong></span> <span class='ocrx_word' id='word_1_155' title='bbox 784 1916 821 1975; x_wconf 89' lang='grc' dir='ltr'><strong>ει</strong></span> <span class='ocrx_word' id='word_1_156' title='bbox 839 1901 1019 1992; x_wconf 89' lang='lat' dir='ltr'><strong>calicem,</strong></span> <span class='ocrx_word' id='word_1_157' title='bbox 1039 1918 1077 1977; x_wconf 90' lang='lat' dir='ltr'><strong>et</strong></span> <span class='ocrx_word' id='word_1_158' title='bbox 1095 1928 1173 1976; x_wconf 88' lang='lat' dir='ltr'><strong>non</strong></span> <span class='ocrx_word' id='word_1_159' title='bbox 1197 1899 1342 1974; x_wconf 88' lang='lat' dir='ltr'><strong>hostiam</strong></span> 
     </span>
     <span class='ocr_line' id='line_1_19' title="bbox 268 1999 1035 2098; baseline 0.003 -3"><span class='ocrx_word' id='word_1_160' title='bbox 268 1999 468 2098; x_wconf 75' lang='lat' dir='ltr'><strong>(n·752·›</strong></span> <span class='ocrx_word' id='word_1_161' title='bbox 1032 2090 1035 2097; x_wconf 86' lang='lat'><em>.</em></span> 
     </span>
    </p>

    <p class='ocr_par' dir='ltr' id='par_1_4' title="bbox 226 2088 1365 3378">
     <span class='ocr_line' id='line_1_20' title="bbox 226 2088 1342 2197; baseline -0.004 -27"><span class='ocrx_word' id='word_1_162' title='bbox 226 2088 259 2177; x_wconf 70' lang='lat'><strong>94</strong></span> <span class='ocrx_word' id='word_1_163' title='bbox 317 2101 524 2190; x_wconf 72' lang='lat' dir='ltr'><strong>Quaeritur,</strong></span> <span class='ocrx_word' id='word_1_164' title='bbox 543 2097 693 2197; x_wconf 72' lang='lat' dir='ltr'><strong>quandia</strong></span> <span class='ocrx_word' id='word_1_165' title='bbox 711 2096 874 2174; x_wconf 87' lang='lat' dir='ltr'><strong>defectus</strong></span> <span class='ocrx_word' id='word_1_166' title='bbox 892 2097 1058 2197; x_wconf 87' lang='lat' dir='ltr'><strong>suppleri</strong></span> <span class='ocrx_word' id='word_1_167' title='bbox 1076 2094 1210 2172; x_wconf 86' lang='lat' dir='ltr'><strong>debeat</strong></span> <span class='ocrx_word' id='word_1_168' title='bbox 1223 2097 1260 2170; x_wconf 91' lang='lat' dir='ltr'><strong>in</strong></span> <span class='ocrx_word' id='word_1_169' title='bbox 1277 2097 1342 2181; x_wconf 91' lang='lat' dir='ltr'><strong>Or·</strong></span> 
     </span>
     <span class='ocr_line' id='line_1_21' title="bbox 268 2192 1343 2296; baseline -0.005 -29"><span class='ocrx_word' id='word_1_170' title='bbox 268 2193 455 2270; x_wconf 78' lang='lat' dir='ltr'><strong>clinatione</strong></span> <span class='ocrx_word' id='word_1_171' title='bbox 470 2194 701 2296; x_wconf 80' lang='lat' dir='ltr'><strong>Presbyteri?</strong></span> <span class='ocrx_word' id='word_1_172' title='bbox 725 2198 763 2271; x_wconf 89' lang='lat' dir='ltr'><strong>Si</strong></span> <span class='ocrx_word' id='word_1_173' title='bbox 777 2197 941 2271; x_wconf 82' lang='lat' dir='ltr'><strong>defectus</strong></span> <span class='ocrx_word' id='word_1_174' title='bbox 956 2202 1010 2270; x_wconf 83' lang='lat' dir='ltr'><strong>est</strong></span> <span class='ocrx_word' id='word_1_175' title='bbox 1025 2196 1121 2271; x_wconf 77' lang='lat' dir='ltr'><strong>circa</strong></span> <span class='ocrx_word' id='word_1_176' title='bbox 1135 2192 1343 2278; x_wconf 80' lang='lat' dir='ltr'><strong>essentialia,</strong></span> 
     </span>
     <span class='ocr_line' id='line_1_22' title="bbox 267 2292 1347 2394; baseline -0.011 -21"><span class='ocrx_word' id='word_1_177' title='bbox 267 2294 402 2394; x_wconf 75' lang='lat' dir='ltr'><strong>nempe</strong></span> <span class='ocrx_word' id='word_1_178' title='bbox 422 2297 517 2369; x_wconf 71' lang='lat' dir='ltr'><strong>cinca</strong></span> <span class='ocrx_word' id='word_1_179' title='bbox 533 2298 722 2369; x_wconf 87' lang='lat' dir='ltr'><strong>materiam</strong></span> <span class='ocrx_word' id='word_1_180' title='bbox 740 2295 798 2368; x_wconf 84' lang='lat' dir='ltr'><strong>vel</strong></span> <span class='ocrx_word' id='word_1_181' title='bbox 816 2296 972 2384; x_wconf 87' lang='lat' dir='ltr'><strong>sormam</strong></span> <span class='ocrx_word' id='word_1_182' title='bbox 987 2292 1174 2386; x_wconf 68' lang='lat' dir='ltr'><strong>„omnino</strong></span> <span class='ocrx_word' id='word_1_183' title='bbox 1192 2293 1347 2368; x_wconf 82' lang='lat' dir='ltr'><strong>Ordina-</strong></span> 
     </span>
     <span class='ocr_line' id='line_1_23' title="bbox 267 2385 1345 2493; baseline -0.004 -28"><span class='ocrx_word' id='word_1_184' title='bbox 267 2396 319 2467; x_wconf 87' lang='lat' dir='ltr'><strong>tio</strong></span> <span class='ocrx_word' id='word_1_185' title='bbox 332 2396 538 2491; x_wconf 84' lang='lat' dir='ltr'><strong>repetenda</strong></span> <span class='ocrx_word' id='word_1_186' title='bbox 562 2410 616 2468; x_wconf 86' lang='lat' dir='ltr'><strong>est</strong></span> <span class='ocrx_word' id='word_1_187' title='bbox 632 2423 643 2465; x_wconf 80' lang='lat' dir='ltr'><strong>t</strong></span> <span class='ocrx_word' id='word_1_188' title='bbox 660 2409 697 2466; x_wconf 90' lang='grc' dir='ltr'><strong>ει</strong></span> <span class='ocrx_word' id='word_1_189' title='bbox 717 2395 867 2493; x_wconf 87' lang='lat' dir='ltr'><strong>quidem</strong></span> <span class='ocrx_word' id='word_1_190' title='bbox 892 2409 987 2484; x_wconf 88' lang='lat' dir='ltr'><strong>tota,</strong></span> <span class='ocrx_word' id='word_1_191' title='bbox 1007 2394 1038 2468; x_wconf 87' lang='lat' dir='ltr'><strong>si</strong></span> <span class='ocrx_word' id='word_1_192' title='bbox 1061 2393 1257 2478; x_wconf 85' lang='lat' dir='ltr'><strong>desectus,</strong></span> <span class='ocrx_word' id='word_1_193' title='bbox 1279 2385 1345 2463; x_wconf 74' lang='lat' dir='ltr'><strong>sive</strong></span> 
     </span>
     <span class='ocr_line' id='line_1_24' title="bbox 267 2491 1347 2592; baseline -0.006 -26"><span class='ocrx_word' id='word_1_194' title='bbox 267 2497 347 2591; x_wconf 79' lang='lat' dir='ltr'><strong>ejus</strong></span> <span class='ocrx_word' id='word_1_195' title='bbox 365 2491 519 2566; x_wconf 82' lang='lat' dir='ltr'><strong>dubium</strong></span> <span class='ocrx_word' id='word_1_196' title='bbox 536 2495 687 2587; x_wconf 85' lang='lat' dir='ltr'><strong>vertitur</strong></span> <span class='ocrx_word' id='word_1_197' title='bbox 700 2491 822 2592; x_wconf 82' lang='lat' dir='ltr'><strong>qodad</strong></span> <span class='ocrx_word' id='word_1_198' title='bbox 833 2492 1067 2579; x_wconf 79' lang='lat' dir='ltr'><strong>traditionem</strong></span> <span class='ocrx_word' id='word_1_199' title='bbox 1085 2494 1215 2592; x_wconf 85' lang='lat' dir='ltr'><strong>primae</strong></span> <span class='ocrx_word' id='word_1_200' title='bbox 1234 2504 1347 2589; x_wconf 87' lang='lat' dir='ltr'><strong>potes·</strong></span> 
     </span>
     <span class='ocr_line' id='line_1_25' title="bbox 267 2589 1365 2691; baseline -0.005 -27"><span class='ocrx_word' id='word_1_201' title='bbox 267 2594 349 2664; x_wconf 85' lang='lat' dir='ltr'><strong>tatis</strong></span> <span class='ocrx_word' id='word_1_202' title='bbox 362 2617 479 2689; x_wconf 88' lang='lat' dir='ltr'><strong>super</strong></span> <span class='ocrx_word' id='word_1_203' title='bbox 493 2592 635 2691; x_wconf 86' lang='lat' dir='ltr'><strong>Corpus</strong></span> <span class='ocrx_word' id='word_1_204' title='bbox 651 2593 786 2665; x_wconf 83' lang='lat' dir='ltr'><strong>Christi</strong></span> <span class='ocrx_word' id='word_1_205' title='bbox 802 2592 898 2665; x_wconf 90' lang='lat' dir='ltr'><strong>reale</strong></span> <span class='ocrx_word' id='word_1_206' title='bbox 912 2618 927 2664; x_wconf 72' lang='lat' dir='ltr'><strong>a</strong></span> <span class='ocrx_word' id='word_1_207' title='bbox 941 2593 972 2664; x_wconf 91' lang='lat' dir='ltr'><strong>si</strong></span> <span class='ocrx_word' id='word_1_208' title='bbox 985 2590 1071 2664; x_wconf 78' lang='lat' dir='ltr'><strong>verb</strong></span> <span class='ocrx_word' id='word_1_209' title='bbox 1086 2589 1213 2691; x_wconf 77' lang='lat' dir='ltr'><strong>quoad</strong></span> <span class='ocrx_word' id='word_1_210' title='bbox 1227 2613 1345 2662; x_wconf 86' lang='lat' dir='ltr'><strong>secun·</strong></span> <span class='ocrx_word' id='word_1_211' title='bbox 1362 2637 1365 2641; x_wconf 90' lang='lat'>-</span> 
     </span>
     <span class='ocr_line' id='line_1_26' title="bbox 268 2685 1345 2790; baseline -0.006 -28"><span class='ocrx_word' id='word_1_212' title='bbox 268 2689 353 2763; x_wconf 87' lang='lat' dir='ltr'><strong>dam</strong></span> <span class='ocrx_word' id='word_1_213' title='bbox 380 2691 474 2764; x_wconf 68' lang='lat' dir='ltr'><strong>circe</strong></span> <span class='ocrx_word' id='word_1_214' title='bbox 493 2716 627 2789; x_wconf 86' lang='lat' dir='ltr'><strong>corpus</strong></span> <span class='ocrx_word' id='word_1_215' title='bbox 645 2690 863 2790; x_wconf 83' lang='lat' dir='ltr'><strong>mysticum,</strong></span> <span class='ocrx_word' id='word_1_216' title='bbox 889 2687 1032 2763; x_wconf 78' lang='lat' dir='ltr'><strong>tantiam</strong></span> <span class='ocrx_word' id='word_1_217' title='bbox 1056 2689 1223 2764; x_wconf 87' lang='lat' dir='ltr'><strong>secunda</strong></span> <span class='ocrx_word' id='word_1_218' title='bbox 1239 2685 1345 2782; x_wconf 88' lang='lat' dir='ltr'><strong>repeti</strong></span> 
     </span>
     <span class='ocr_line' id='line_1_27' title="bbox 263 2785 1347 2876; baseline -0.006 -16"><span class='ocrx_word' id='word_1_219' title='bbox 263 2787 389 2861; x_wconf 84' lang='lat' dir='ltr'><strong>debet.</strong></span> <span class='ocrx_word' id='word_1_220' title='bbox 409 2788 446 2861; x_wconf 84' lang='lat' dir='ltr'><strong>Si</strong></span> <span class='ocrx_word' id='word_1_221' title='bbox 466 2806 589 2862; x_wconf 89' lang='lat' dir='ltr'><strong>autem</strong></span> <span class='ocrx_word' id='word_1_222' title='bbox 607 2788 843 2861; x_wconf 77' lang='lat' dir='ltr'><strong>delectasset</strong></span> <span class='ocrx_word' id='word_1_223' title='bbox 860 2785 1226 2876; x_wconf 73' lang='lat' dir='ltr'><strong>circloccidentolio,</strong></span> <span class='ocrx_word' id='word_1_224' title='bbox 1245 2800 1347 2873; x_wconf 84' lang='lat' dir='ltr'><strong>tune,</strong></span> 
     </span>
     <span class='ocr_line' id='line_1_28' title="bbox 266 2885 1347 2986; baseline -0.008 -26"><span class='ocrx_word' id='word_1_225' title='bbox 266 2887 298 2960; x_wconf 84' lang='lat' dir='ltr'><strong>si</strong></span> <span class='ocrx_word' id='word_1_226' title='bbox 316 2903 370 2960; x_wconf 86' lang='lat' dir='ltr'><strong>est</strong></span> <span class='ocrx_word' id='word_1_227' title='bbox 393 2886 440 2959; x_wconf 90' lang='lat' dir='ltr'><strong>de</strong></span> <span class='ocrx_word' id='word_1_228' title='bbox 457 2913 494 2960; x_wconf 89' lang='lat' dir='ltr'><strong>re</strong></span> <span class='ocrx_word' id='word_1_229' title='bbox 508 2885 601 2977; x_wconf 79' lang='lat' dir='ltr'><strong>leri,</strong></span> <span class='ocrx_word' id='word_1_230' title='bbox 626 2901 711 2986; x_wconf 87' lang='lat' dir='ltr'><strong>pota</strong></span> <span class='ocrx_word' id='word_1_231' title='bbox 738 2888 768 2959; x_wconf 87' lang='lat' dir='ltr'><strong>si</strong></span> <span class='ocrx_word' id='word_1_232' title='bbox 787 2885 974 2960; x_wconf 89' lang='lat' dir='ltr'><strong>ordinatus</strong></span> <span class='ocrx_word' id='word_1_233' title='bbox 993 2908 1067 2985; x_wconf 89' lang='lat' dir='ltr'><strong>non</strong></span> <span class='ocrx_word' id='word_1_234' title='bbox 1087 2885 1222 2959; x_wconf 82' lang='lat' dir='ltr'><strong>dixerit</strong></span> <span class='ocrx_word' id='word_1_235' title='bbox 1240 2907 1347 2957; x_wconf 89' lang='lat' dir='ltr'><strong>eano-</strong></span> 
     </span>
     <span class='ocr_line' id='line_1_29' title="bbox 267 2983 1347 3083; baseline -0.008 -24"><span class='ocrx_word' id='word_1_236' title='bbox 267 3010 377 3073; x_wconf 89' lang='lat' dir='ltr'><strong>nem,</strong></span> <span class='ocrx_word' id='word_1_237' title='bbox 398 2986 512 3065; x_wconf 80' lang='lat' dir='ltr'><strong>talem</strong></span> <span class='ocrx_word' id='word_1_238' title='bbox 530 2986 787 3059; x_wconf 74' lang='lat' dir='ltr'><strong>ceremoniam</strong></span> <span class='ocrx_word' id='word_1_239' title='bbox 808 2987 887 3083; x_wconf 85' lang='lat' dir='ltr'><strong>(aut</strong></span> <span class='ocrx_word' id='word_1_240' title='bbox 910 2983 1083 3077; x_wconf 88' lang='lat' dir='ltr'><strong>similem)</strong></span> <span class='ocrx_word' id='word_1_241' title='bbox 1108 3010 1185 3071; x_wconf 89' lang='lat' dir='ltr'><strong>non</strong></span> <span class='ocrx_word' id='word_1_242' title='bbox 1212 2989 1347 3082; x_wconf 82' lang='lat' dir='ltr'><strong>oportet</strong></span> 
     </span>
     <span class='ocr_line' id='line_1_30' title="bbox 268 3079 1346 3184; baseline -0.008 -27"><span class='ocrx_word' id='word_1_243' title='bbox 268 3096 450 3184; x_wconf 81' lang='lat' dir='ltr'><strong>repetere3</strong></span> <span class='ocrx_word' id='word_1_244' title='bbox 465 3085 494 3156; x_wconf 86' lang='lat' dir='ltr'><strong>si</strong></span> <span class='ocrx_word' id='word_1_245' title='bbox 508 3098 629 3156; x_wconf 85' lang='lat' dir='ltr'><strong>antem</strong></span> <span class='ocrx_word' id='word_1_246' title='bbox 642 3085 680 3157; x_wconf 90' lang='lat' dir='ltr'><strong>in</strong></span> <span class='ocrx_word' id='word_1_247' title='bbox 696 3110 735 3156; x_wconf 88' lang='lat' dir='ltr'><strong>re</strong></span> <span class='ocrx_word' id='word_1_248' title='bbox 749 3087 867 3182; x_wconf 76' lang='lat' dir='ltr'><strong>gravi,</strong></span> <span class='ocrx_word' id='word_1_249' title='bbox 884 3099 992 3182; x_wconf 86' lang='lat' dir='ltr'><strong>puta,</strong></span> <span class='ocrx_word' id='word_1_250' title='bbox 1007 3082 1038 3156; x_wconf 89' lang='lat' dir='ltr'><strong>si</strong></span> <span class='ocrx_word' id='word_1_251' title='bbox 1053 3081 1215 3157; x_wconf 83' lang='lat' dir='ltr'><strong>deluerit</strong></span> <span class='ocrx_word' id='word_1_252' title='bbox 1227 3079 1346 3154; x_wconf 83' lang='lat' dir='ltr'><strong>unctio</strong></span> 
     </span>
     <span class='ocr_line' id='line_1_31' title="bbox 267 3175 1349 3280; baseline -0.006 -25"><span class='ocrx_word' id='word_1_253' title='bbox 267 3206 442 3256; x_wconf 86' lang='lat' dir='ltr'><strong>manuum</strong></span> <span class='ocrx_word' id='word_1_254' title='bbox 461 3240 471 3272; x_wconf 94' lang='lat'><strong>,</strong></span> <span class='ocrx_word' id='word_1_255' title='bbox 488 3183 544 3254; x_wconf 82' lang='lat' dir='ltr'><strong>rel</strong></span> <span class='ocrx_word' id='word_1_256' title='bbox 566 3184 596 3254; x_wconf 89' lang='lat' dir='ltr'><strong>si</strong></span> <span class='ocrx_word' id='word_1_257' title='bbox 614 3182 906 3280; x_wconf 87' lang='lat' dir='ltr'><strong>Neo-Presbyter</strong></span> <span class='ocrx_word' id='word_1_258' title='bbox 932 3206 1006 3254; x_wconf 91' lang='lat' dir='ltr'><strong>non</strong></span> <span class='ocrx_word' id='word_1_259' title='bbox 1032 3181 1229 3279; x_wconf 83' lang='lat' dir='ltr'><strong>protulerit</strong></span> <span class='ocrx_word' id='word_1_260' title='bbox 1248 3175 1349 3250; x_wconf 83' lang='lat' dir='ltr'><strong>rerba</strong></span> 
     </span>
     <span class='ocr_line' id='line_1_32' title="bbox 269 3279 1350 3378; baseline -0.007 -23"><span class='ocrx_word' id='word_1_261' title='bbox 269 3281 554 3378; x_wconf 78' lang='lat' dir='ltr'><strong>consecrationis</strong></span> <span class='ocrx_word' id='word_1_262' title='bbox 575 3307 665 3354; x_wconf 90' lang='lat' dir='ltr'><strong>cnm</strong></span> <span class='ocrx_word' id='word_1_263' title='bbox 687 3281 899 3378; x_wconf 89' lang='lat' dir='ltr'><strong>Episcopo,</strong></span> <span class='ocrx_word' id='word_1_264' title='bbox 919 3293 1009 3365; x_wconf 86' lang='lat' dir='ltr'><strong>tunc</strong></span> <span class='ocrx_word' id='word_1_265' title='bbox 1031 3279 1195 3352; x_wconf 85' lang='lat' dir='ltr'><strong>defectus</strong></span> <span class='ocrx_word' id='word_1_266' title='bbox 1224 3281 1350 3377; x_wconf 73' lang='lat' dir='ltr'><strong>qnam·</strong></span> 
     </span>
    </p>

    <p class='ocr_par' dir='ltr' id='par_1_5' title="bbox 183 3369 1351 3577">
     <span class='ocr_line' id='line_1_33' title="bbox 183 3369 1351 3480; baseline -0.006 -29"><span class='ocrx_word' id='word_1_267' title='bbox 183 3463 186 3467; x_wconf 21' lang='lat'>¹</span> <span class='ocrx_word' id='word_1_268' title='bbox 268 3376 429 3480; x_wconf 90' lang='lat' dir='ltr'><strong>primum</strong></span> <span class='ocrx_word' id='word_1_269' title='bbox 454 3379 683 3478; x_wconf 84' lang='lat' dir='ltr'><strong>supplendos</strong></span> <span class='ocrx_word' id='word_1_270' title='bbox 706 3394 783 3469; x_wconf 88' lang='lat' dir='ltr'><strong>est,</strong></span> <span class='ocrx_word' id='word_1_271' title='bbox 800 3394 835 3452; x_wconf 88' lang='lat' dir='ltr'><strong>et</strong></span> <span class='ocrx_word' id='word_1_272' title='bbox 859 3376 1055 3451; x_wconf 85' lang='lat' dir='ltr'><strong>abeodem</strong></span> <span class='ocrx_word' id='word_1_273' title='bbox 1083 3376 1300 3478; x_wconf 79' lang='lat' dir='ltr'><strong>Episcopo,</strong></span> <span class='ocrx_word' id='word_1_274' title='bbox 1323 3369 1351 3444; x_wconf 87' lang='lat' dir='ltr'><strong>sl</strong></span> 
     </span>
     <span class='ocr_line' id='line_1_34' title="bbox 269 3473 1350 3577; baseline -0.009 -26"><span class='ocrx_word' id='word_1_275' title='bbox 269 3479 347 3551; x_wconf 85' lang='lat' dir='ltr'><strong>fieri</strong></span> <span class='ocrx_word' id='word_1_276' title='bbox 369 3492 486 3575; x_wconf 85' lang='lat' dir='ltr'><strong>potest</strong></span> <span class='ocrx_word' id='word_1_277' title='bbox 497 3502 509 3568; x_wconf 80' lang='lat'>3</span> <span class='ocrx_word' id='word_1_278' title='bbox 537 3478 623 3551; x_wconf 77' lang='lat' dir='ltr'><strong>alias</strong></span> <span class='ocrx_word' id='word_1_279' title='bbox 648 3481 801 3574; x_wconf 83' lang='lat' dir='ltr'><strong>graviter</strong></span> <span class='ocrx_word' id='word_1_280' title='bbox 819 3486 986 3577; x_wconf 86' lang='lat' dir='ltr'><strong>peccaret</strong></span> <span class='ocrx_word' id='word_1_281' title='bbox 1006 3475 1197 3549; x_wconf 86' lang='lat' dir='ltr'><strong>ordinatus</strong></span> <span class='ocrx_word' id='word_1_282' title='bbox 1221 3473 1262 3547; x_wconf 93' lang='lat' dir='ltr'><strong>id</strong></span> <span class='ocrx_word' id='word_1_283' title='bbox 1290 3494 1350 3544; x_wconf 87' lang='lat' dir='ltr'><strong>ne·</strong></span> 
     </span>
    </p>

    <p class='ocr_par' dir='ltr' id='par_1_6' title="bbox 230 3569 1405 3774">
     <span class='ocr_line' id='line_1_35' title="bbox 230 3569 1405 3675; baseline -0.003 -27"><span class='ocrx_word' id='word_1_284' title='bbox 230 3594 232 3598; x_wconf 82' lang='grc'>’</span> <span class='ocrx_word' id='word_1_285' title='bbox 269 3578 463 3675; x_wconf 81' lang='lat' dir='ltr'><strong>gligendo‚</strong></span> <span class='ocrx_word' id='word_1_286' title='bbox 483 3591 547 3649; x_wconf 89' lang='lat' dir='ltr'><strong>aut</strong></span> <span class='ocrx_word' id='word_1_287' title='bbox 571 3578 607 3649; x_wconf 90' lang='lat' dir='ltr'><strong>in</strong></span> <span class='ocrx_word' id='word_1_288' title='bbox 631 3577 771 3650; x_wconf 86' lang='lat' dir='ltr'><strong>Ordine</strong></span> <span class='ocrx_word' id='word_1_289' title='bbox 796 3573 1037 3659; x_wconf 84' lang='lat' dir='ltr'><strong>ministrando</strong></span> <span class='ocrx_word' id='word_1_290' title='bbox 1056 3573 1115 3670; x_wconf 86' lang='lat' dir='ltr'><strong>(l.</strong></span> <span class='ocrx_word' id='word_1_291' title='bbox 1138 3575 1163 3649; x_wconf 93' lang='lat'>6</span> <span class='ocrx_word' id='word_1_292' title='bbox 1180 3601 1220 3647; x_wconf 88' lang='lat' dir='ltr'><strong>n.</strong></span> <span class='ocrx_word' id='word_1_293' title='bbox 1242 3569 1350 3669; x_wconf 84' lang='lat'><strong>758.)</strong></span> <span class='ocrx_word' id='word_1_294' title='bbox 1403 3669 1405 3672; x_wconf 9' lang='grc' dir='ltr'><em>Α</em></span> 
     </span>
     <span class='ocr_line' id='line_1_36' title="bbox 268 3666 1350 3774; baseline -0.009 -26"><span class='ocrx_word' id='word_1_295' title='bbox 268 3680 578 3768; x_wconf 81' lang='lat' dir='ltr'><strong>Quonam-antem</strong></span> <span class='ocrx_word' id='word_1_296' title='bbox 591 3689 757 3773; x_wconf 90' lang='lat' dir='ltr'><strong>tempore</strong></span> <span class='ocrx_word' id='word_1_297' title='bbox 776 3675 913 3774; x_wconf 80' lang='lat' dir='ltr'><strong>praefati</strong></span> <span class='ocrx_word' id='word_1_298' title='bbox 931 3673 1095 3759; x_wconf 82' lang='lat' dir='ltr'><strong>defectus</strong></span> <span class='ocrx_word' id='word_1_299' title='bbox 1109 3701 1177 3772; x_wconf 84' lang='lat' dir='ltr'><strong>snp</strong></span> <span class='ocrx_word' id='word_1_300' title='bbox 1209 3671 1278 3744; x_wconf 87' lang='lat' dir='ltr'><strong>leri</strong></span> <span class='ocrx_word' id='word_1_301' title='bbox 1294 3666 1350 3739; x_wconf 67' lang='lat' dir='ltr'><strong>dee</strong></span> 
     </span>
    </p>

    <p class='ocr_par' dir='ltr' id='par_1_7' title="bbox 239 3700 1352 4169">
     <span class='ocr_line' id='line_1_37' title="bbox 239 3700 1351 3873; baseline -0.011 -25"><span class='ocrx_word' id='word_1_302' title='bbox 239 3822 241 3827; x_wconf 24' lang='grc' dir='ltr'>κ</span> <span class='ocrx_word' id='word_1_303' title='bbox 268 3773 378 3848; x_wconf 86' lang='lat' dir='ltr'><strong>beant</strong></span> <span class='ocrx_word' id='word_1_304' title='bbox 394 3776 408 3846; x_wconf 88' lang='lat'>?</span> <span class='ocrx_word' id='word_1_305' title='bbox 422 3773 694 3872; x_wconf 89' lang='lat' dir='ltr'><strong>Respondetur,</strong></span> <span class='ocrx_word' id='word_1_306' title='bbox 709 3773 828 3873; x_wconf 86' lang='lat' dir='ltr'><strong>quod,</strong></span> <span class='ocrx_word' id='word_1_307' title='bbox 844 3775 874 3858; x_wconf 82' lang='lat' dir='ltr'><strong>si</strong></span> <span class='ocrx_word' id='word_1_308' title='bbox 893 3774 966 3846; x_wconf 87' lang='lat' dir='ltr'><strong>sint</strong></span> <span class='ocrx_word' id='word_1_309' title='bbox 981 3774 1077 3858; x_wconf 76' lang='lat' dir='ltr'><strong>circa</strong></span> <span class='ocrx_word' id='word_1_310' title='bbox 1092 3700 1329 3857; x_wconf 71' lang='lat' dir='ltr'><strong>accidbntalia</strong></span> <span class='ocrx_word' id='word_1_311' title='bbox 1339 3818 1351 3851; x_wconf 87' lang='lat'><strong>,</strong></span> 
     </span>
     <span class='ocr_line' id='line_1_38' title="bbox 269 3859 1349 3973; baseline -0.011 -27"><span class='ocrx_word' id='word_1_312' title='bbox 269 3867 508 3973; x_wconf 81' lang='lat' dir='ltr'><strong>probabiliter</strong></span> <span class='ocrx_word' id='word_1_313' title='bbox 526 3875 651 3967; x_wconf 83' lang='lat' dir='ltr'><strong>quovis</strong></span> <span class='ocrx_word' id='word_1_314' title='bbox 671 3877 836 3968; x_wconf 87' lang='lat' dir='ltr'><strong>tempore</strong></span> <span class='ocrx_word' id='word_1_315' title='bbox 850 3871 1170 3971; x_wconf 83' lang='lat' dir='ltr'><strong>suppleri&#39;possint</strong></span> <span class='ocrx_word' id='word_1_316' title='bbox 1189 3899 1199 3940; x_wconf 78' lang='lat' dir='ltr'><strong>a</strong></span> <span class='ocrx_word' id='word_1_317' title='bbox 1220 3869 1250 3940; x_wconf 92' lang='lat' dir='ltr'><strong>si</strong></span> <span class='ocrx_word' id='word_1_318' title='bbox 1270 3859 1349 3937; x_wconf 79' lang='lat' dir='ltr'><strong>verb</strong></span> 
     </span>
     <span class='ocr_line' id='line_1_39' title="bbox 269 3961 1349 4057; baseline -0.009 -13"><span class='ocrx_word' id='word_1_319' title='bbox 269 3975 364 4045; x_wconf 86' lang='lat' dir='ltr'><strong>eirca</strong></span> <span class='ocrx_word' id='word_1_320' title='bbox 383 3971 582 4045; x_wconf 84' lang='lat' dir='ltr'><strong>essentialia</strong></span> <span class='ocrx_word' id='word_1_321' title='bbox 601 4028 609 4057; x_wconf 91' lang='lat'><strong>,</strong></span> <span class='ocrx_word' id='word_1_322' title='bbox 626 3970 722 4053; x_wconf 86' lang='lat' dir='ltr'><strong>idem</strong></span> <span class='ocrx_word' id='word_1_323' title='bbox 740 3971 870 4045; x_wconf 84' lang='lat' dir='ltr'><strong>dicunt</strong></span> <span class='ocrx_word' id='word_1_324' title='bbox 883 3971 990 4043; x_wconf 88' lang='lat' dir='ltr'><strong>Salm.</strong></span> <span class='ocrx_word' id='word_1_325' title='bbox 1006 3996 1090 4041; x_wconf 92' lang='lat' dir='ltr'><strong>cum</strong></span> <span class='ocrx_word' id='word_1_326' title='bbox 1111 3967 1217 4040; x_wconf 89' lang='lat' dir='ltr'><strong>aliis:</strong></span> <span class='ocrx_word' id='word_1_327' title='bbox 1236 3961 1349 4047; x_wconf 81' lang='lat' dir='ltr'><strong>sedjex</strong></span> 
     </span>
     <span class='ocr_line' id='line_1_40' title="bbox 269 4065 1352 4169; baseline -0.006 -26"><span class='ocrx_word' id='word_1_328' title='bbox 269 4070 510 4168; x_wconf 85' lang='lat' dir='ltr'><strong>probabiliori</strong></span> <span class='ocrx_word' id='word_1_329' title='bbox 525 4128 538 4160; x_wconf 93' lang='lat'><strong>,</strong></span> <span class='ocrx_word' id='word_1_330' title='bbox 551 4087 587 4145; x_wconf 88' lang='lat' dir='ltr'><strong>et</strong></span> <span class='ocrx_word' id='word_1_331' title='bbox 605 4069 852 4147; x_wconf 89' lang='lat' dir='ltr'><strong>communiori</strong></span> <span class='ocrx_word' id='word_1_332' title='bbox 865 4071 1041 4146; x_wconf 74' lang='lat' dir='ltr'><strong>sententia</strong></span> <span class='ocrx_word' id='word_1_333' title='bbox 1057 4065 1352 4169; x_wconf 75' lang='lat' dir='ltr'><strong>supplendisuoi</strong></span> 
     </span>
    </p>
   </div>
   <div class='ocr_carea' id='block_1_3' title="bbox 0 0 1485 4717">
    <p class='ocr_par' dir='ltr' id='par_1_8' title="bbox 0 0 1485 4717">
     <span class='ocr_line' id='line_1_41' title="bbox 0 0 1485 4717; baseline 0 0"><span class='ocrx_word' id='word_1_334' title='bbox 0 0 1485 4717; x_wconf 95' lang='lat' dir='ltr'><strong> </strong></span> 
     </span>
    </p>
   </div>
  </div>
 </body>
</html>
