2942 4717
239 274 320 370 (lap.
335 276 380 346 11.
403 276 454 346 De
474 276 679 348 Sacramenta
697 276 821 348 ordinis
837 279 871 346 in
895 300 1023 367 genere.
1112 257 1177 349 245

109 385 174 477 iili,
190 388 246 488 qui
262 390 418 463 ordinem
440 392 656 487 suscipiunt,
675 418 782 491 super
790 392 927 490 plebem
959 390 1179 466 constituun-

111 490 235 563 tar...itd
244 505 278 561 ct
287 490 482 587 superiores
498 489 569 563 sint
581 492 703 562 merito
714 490 922 563 sanctitatis.
937 491 1034 562 Hine
1050 493 1177 590 siquis

112 586 234 686 absque
251 586 306 659 his
325 589 457 686 signis,
477 604 513 661 et
530 603 798 686 oonsequeuter
814 587 892 662 sine
912 589 1100 663 vocatione
1122 591 1179 661 di·

112 685 350 759 rinaascendit
366 688 412 758 ad
429 687 562 775 altare,
579 691 709 786 nequit
722 692 741 760 a
755 689 852 787 gravi
869 689 977 786 culpa
992 693 1179 778 excusari;

109 792 175 853 tum
190 782 236 855 ob
255 810 398 883 gravem
418 789 760 885 praesumptionem,
780 791 851 886 qud
871 812 946 859 non
965 800 1113 884 vocatus
1138 789 1180 862 in

109 904 236 954 sacrum
255 882 500 959 ministerium
520 912 558 959 se
574 885 753 973 intrudit,
775 900 815 958 ut
832 886 881 957 ait
899 888 933 957 S.
952 884 1147 958 Anselmus
1168 912 1179 959 :

110 977 168 1145 gui
178 979 269 1052 enim
285 1007 324 1054 se
341 983 486 1078 ingerit,
504 986 723 1082 etpropriam
735 983 883 1081 gloriam
902 983 1038 1081 quatit,
1055 986 1180 1079 gratia

139 1075 463 1176 eirapinam‘facth
489 1098 523 1153 et
545 1075 623 1155 tilio
636 1108 710 1164 non
733 1083 860 1178 accurit
878 1081 1178 1171 benedictionem,

93 1175 163 1252 sed
172 1178 450 1252 maledictionem
466 1209 478 1250 .·
499 1196 576 1256 tum
592 1175 639 1254 oh
658 1174 830 1280 magnum
846 1178 1055 1279 pericolum
1073 1178 1179 1251 dam·

105 1273 274 1365 rationis,
295 1280 356 1352 cui
378 1304 417 1351 se
433 1283 607 1394 exponit,
627 1295 667 1354 ut
683 1282 868 1386 sapienter
887 1278 1052 1376 loquitur
1068 1278 1180 1376 Epis·-
1290 1291 1295 1302 ⁴

103 1392 205 1468 copus
223 1374 389 1476 Abeiiys
413 1378 480 1477 Qut
495 1378 612 1452 serens
626 1433 636 1462 ,
651 1380 746 1450 nulla
765 1377 889 1448 dr'm'rrae
909 1374 1099 1454 vocationis
1111 1374 1182 1448 lra-v

99 1464 162 1540 dita
179 1473 327 1565 ratione,
347 1499 386 1545 se
406 1476 441 1545 in
464 1473 700 1548 Sacerdotium
725 1473 933 1565 intruderet,
959 1472 1060 1547 haud
1073 1467 1181 1547 iiubid

98 1566 238 1659 seipsum
260 1571 297 1644 in
312 1583 475 1668 ‘apertum
490 1572 613 1646 salotis
627 1572 814 1648 discrimen
829 1571 993 1668 t'rp'r‘carct.
1009 1574 1063 1649 Et,
1077 1571 1181 1646 tanti)

100 1669 202 1763 magis
221 1677 378 1765 graviter
391 1671 590 1770 peccanti]
619 1671 754 1768 iscopi‚
768 1672 835 1769 *qui
853 1670 944 1743 tales
959 1671 1005 1742 ad
1019 1670 1179 1744 Ordines

99 1763 314 1857 admittunt,
331 1699 633 1870 transgrediendo
647 1784 873 1869 praeceptum
887 1768 1181 1866 illudApostolis

97 1863 224 1937 Manus
239 1868 309 1940 ctio
330 1895 375 1941 ne
391 1868 615 1965 imposueris,
641 1893 752 1967 nequa
776 1867 1085 1939 communicaveris
1096 1892 1182 1965 pec·-

90 1962 177 2036 satis
192 1966 334 2051 alienes,
353 1994 364 2039 1
385 1969 437 2038 ad
446 1968 535 2043 Tim.
547 1994 578 2039 c.
593 1967 626 2064 5.
644 1995 676 2040 a.
695 1992 752 2040 22.
770 1968 860 2058 Quae
872 1964 982 2039 verba
992 1990 1180 2063 exponens

100 2059 132 2131 8.
151 2064 223 2136 Leo
245 2064 416 2164 Epistola
440 2092 470 2142 r.
487 2065 597 2165 (alias
618 2068 688 2180 87)
705 2064 753 2138 ad
770 2064 885 2138 Afric.
905 2090 925 2136 2
946 2063 1063 2137 dicit:
1088 2062 1186 2164 Quid

97 2176 147 2230 est
158 2161 422 2236 communicare
434 2164 590 2261 peccatis
606 2161 746 2248 alrent's,
764 2162 837 2234 nisi
848 2162 952 2234 talem
971 2162 1183 2255 cffict'Ord22

95 2259 231 2333 mntem
245 2317 255 2345 ,
268 2262 379 2359 qualis
395 2279 449 2334 cst
461 2262 535 2351 tlte,
550 2262 612 2360 qui
621 2281 693 2334 non
709 2260 834 2332 meruit
846 2261 1000 2334 ordinari
1005 2265 1027 2333 i
1040 2258 1130 2332 Ideo
1139 2261 1181 2334 in

96 2375 125 2426 c.
146 2358 285 2434 Nullus
314 2362 404 2434 Dist.
432 2362 489 2455 ad.
518 2357 684 2434 universe
705 2357 902 2457 Episcopis
929 2357 1180 2459 praecipitur:

29 2475 30 2478 ’
93 2452 213 2529 Nullus
230 2457 432 2543 ordinetur,
451 2457 524 2531 nisi
533 2457 699 2552 probatus
715 2454 832 2535 fucrit.

104 2599 109 2607 ›
138 2556 263 2630 Refert
283 2556 343 2634 hic
360 2573 482 2629 autem
500 2556 609 2630 simiel
630 2573 829 2640 annotare,
851 2554 1003 2655 quinam
1021 2579 1064 2627 ex
1081 2580 1223 2654 prce-cs

94 2649 194 2727 dictis
216 2655 413 2752 illegitime
431 2656 591 2728 ordinati
608 2655 885 2754 suspensionem
906 2656 988 2752 ipso
1005 2654 1109 2726 facto
1121 2657 1181 2746 inl·
1288 2708 1290 2710 >

61 2769 63 2774 ⁴
94 2771 258 2829 currant.
278 2755 480 2828 Incurrunt
502 2783 531 2840 r,
547 2756 614 2856 qui
631 2753 852 2827 ordinantur
864 2752 942 2825 sine
956 2752 1181 2827 Dimissoriis

91 2853 143 2923 sui
163 2853 377 2941 Ordinarii,
396 2849 549 2948 velqsine
568 2859 648 2950 ejus
665 2851 811 2924 Litteris
829 2851 1183 2940 Testimoniaiibus,

93 2973 174 3023 cum
190 2950 418 3025 ordinantur
436 2951 483 3025 ab
499 2951 688 3048 Episcopo
705 2950 893 3024 Beneficii.
910 2976 943 3023 2.
961 2950 1033 3042 Qui
1048 2948 1183 3025 eodem
1211 3029 1213 3033 ,

30 3081 31 3084 “
92 3044 147 3121 die
161 3050 262 3124 duos
275 3077 396 3125 sacros
409 3051 568 3125 Ordines
584 3049 802 3148 suscipiunt.
822 3048 858 3120 3.
869 3050 949 3140 ,Qui
963 3048 1184 3130 ordinantur

92 3154 186 3221 extri
197 3164 381 3249 tempora.
394 3146 741 3242 d.Quiordinantnr
753 3147 798 3219 ab
810 3148 996 3247 Episcopo
1008 3162 1183 3220 manente

90 3244 126 3319 in
143 3245 268 3322 aliena
289 3250 464 3337 Dioecesi,
480 3255 558 3322 sine
576 3248 724 3319 licentia
743 3247 920 3345 Episcopi
945 3247 1033 3320 ioci.
1052 3246 1085 3318 5.
1107 3243 1185 3337 Qui

91 3346 252 3422 scienter
268 3345 491 3420 ordinantur
506 3344 590 3418 ante
606 3342 803 3444 legitimam
820 3358 974 3417 aetatem.
990 3342 1025 3416 6.
1042 3345 1115 3437 Qui
1125 3370 1184 3416 or-

91 3441 272 3539 dinantur
284 3471 350 3545 per
360 3446 511 3528 saltum,
526 3445 659 3517 omisso
669 3444 809 3526 Ordine
827 3441 1059 3540 praecedenti.
1074 3441 1184 3515 Adde

92 3542 225 3618 ultimo
240 3543 350 3632 ioco,
374 3548 439 3644 qui
454 3543 658 3618 ‘ordinatur
672 3569 738 3642 per
755 3544 948 3614 simoniam
964 3564 974 3633 3
1000 3539 1061 3611 hic
1082 3540 1183 3616 enim

88 3660 214 3716 manet
234 3646 317 3743 ipso
331 3642 426 3716 iacto
445 3657 646 3744 suspensus
660 3640 707 3712 ab
726 3640 867 3714 Ordine
886 3635 1086 3712 simoniace
1103 3665 1183 3711 sus·

88 3757 216 3840 cepto,
237 3758 276 3818 et
294 3740 495 3842 impeditur
512 3740 558 3814 ab
577 3737 810 3813 ascendendo
830 3738 877 3810 ad
893 3738 1123 3836 superiores3
1143 3733 1183 3810 id

87 3850 214 3917 tamen
247 3867 321 3913 non
346 3843 482 3926 currit,
500 3837 529 3912 si
551 3840 704 3912 simonia
728 3836 774 3910 ab
800 3836 872 3909 alio
894 3839 941 3911 sit
963 3834 1184 3937 commissa,

86 3936 285 4041 ignorante
303 3938 473 4017 ordinato
486 3937 605 4040 (vide
619 3936 649 4019 l·
665 3938 687 4016 3
703 3964 742 4012 n.
763 3960 842 4037 109.
856 3940 878 4035 )>
