2942 4717
383 240 465 335 Cap.
482 242 539 311 111.
556 243 606 311 De
619 241 788 311 ordinibus
803 243 838 309 in
855 246 971 333 specie.
1041 297 1044 301 ,
1159 244 1225 329 269

132 352 207 428 ‘hic
224 382 266 429 a.
290 356 361 443 88.
389 359 435 431 ad
462 356 508 429 V.
527 381 612 429 nam
629 355 911 451 irregularitates
929 380 971 426 ex
997 350 1141 428 delectu
1158 411 1167 440 ,
1187 370 1225 428 ct
1269 380 1279 402 ·

143 480 189 527 ex
207 455 342 530 delimo
360 456 408 529 ob
431 454 618 528 infamiam
645 457 691 526 iu¹
713 454 812 527 idem
831 453 1060 526 coincidunt.
1082 455 1162 529 VII.
1180 479 1225 528 ex

143 551 292 627 defectu
316 554 501 633 libertatis;
528 553 627 625 unde
646 568 732 625 sunt
756 553 1001 650 irregulares,
1039 577 1067 625 r.
1096 579 1224 625 omnes

142 655 258 736 servi,
275 649 422 752 proprie
438 651 535 726 dicti.
552 677 586 721 2.
606 651 814 750 conjugati.
839 653 873 724 3.
889 649 1056 723 Ceriales
1074 650 1227 750 obligati

143 753 260 824 curiae
284 773 432 850 propter
450 755 722 850 juramentum,
742 765 804 822 aut
819 748 1058 847 stipendium.
1074 752 1108 842 d.
1129 750 1226 845 Miti-

65 920 71 932 ,
141 861 220 944 tes,
232 849 361 923 saltem
379 846 556 949 quamdiir
572 852 777 948 juramento
792 861 984 938 tenentur,
1001 847 1084 921 vide
1101 875 1138 922 u.
1152 847 1225 941 455

143 962 217 1021 etc.
235 949 334 1023 VIII.
360 975 406 1022 ex
423 949 566 1021 defectu
585 948 755 1028 landatur,
777 945 918 1018 scilicet
935 971 977 1019 ex
992 945 1092 1020 licita
1110 950 1226 1023 muti-

145 1045 284 1119 lation'e
309 1048 488 1138 membri,
516 1071 597 1145 quae
614 1046 654 1117 fit
672 1049 693 1117 d
716 1044 905 1142 Clrirurgis
920 1070 1006 1117 oum
1022 1046 1197 1119 incisione
1213 1056 1250 1133 ,·‘

144 1143 206 1216 vel
221 1144 440 1232 adustione,
466 1144 521 1218 vel
544 1168 586 1216 cx
605 1142 707 1217 licito
729 1141 930 1219 homicidio
952 1145 989 1215 in
1014 1141 1113 1216 bello
1128 1148 1224 1244 josto
1336 1185 1341 1195 »

142 1241 323 1316 offensivo
340 1299 350 1329 ,
367 1260 430 1316 aut
446 1248 482 1316 iu
503 1242 640 1340 judicio
660 1267 724 1341 per
744 1241 1036 1341 cooperationem
1052 1244 1223 1334 activam,
1346 1278 1348 1283 ·

140 1339 359 1430 efficacem,
383 1343 607 1441 proximam,
627 1356 663 1414 et
683 1340 731 1413 ad
758 1343 978 1414 occisionem
995 1341 1225 1441 ordinatam,

139 1438 227 1515 ride
240 1438 332 1513 ibid.
351 1466 390 1516 n.
411 1442 481 1540 457
502 1455 575 1516 etc.

446 1610 566 1685 Sentio
582 1610 628 1683 Π.
649 1610 705 1682 Dc
719 1608 932 1685 Diaconum.

145 1752 237 1842 Quid
247 1755 473 1822 Diaconatus?
487 1770 518 1826 ct
528 1780 598 1846 qun
612 1758 708 1845 ipsius
726 1760 876 1843 matoria,
892 1752 1066 1844 et'forntai
1075 1729 1116 1845 po
1136 1757 1223 1849 Offi-

188 1845 240 1905 cia
262 1841 409 1909 Diaconi.
432 1844 579 1911 ‘Censura
597 1845 619 1908 li
640 1856 711 1919 atus
734 1857 793 1910 etc.
812 1843 863 1910 Dc
879 1843 1064 1911 Paenitentia
1081 1848 1226 1935 imposita

68 1958 71 1965 .
95 1938 98 1945 '
189 1926 231 1992 ab
244 1927 425 2020 Episcopo,
437 1954 479 1997 an
494 1868 647 2019 implendi
660 1928 718 1995 sub
730 1932 835 2021 gravi.
853 1948 907 2015 91.

24 2127 26 2132 ’
145 2060 400 2207 Dircaeum
418 2148 472 2208 est
493 2132 614 2221 Ordo,
637 2159 706 2232 quo
722 2128 899 2225 confertur
909 2148 1070 2230 potestas
1096 2131 1263 2211 clame-9⁰

143 2225 239 2301 dote
258 2230 453 2304 assistendi
473 2231 654 2306 Sacerdoti
676 2231 713 2303 in
729 2232 848 2304 Missa
861 2286 870 2317 ,
885 2231 1096 2330 porrr'gendo
1112 2234 1148 2305 ei
1157 2261 1224 2331 pa·
1315 2228 1331 2299 ξ

148 2338 266 2399 unam
289 2327 528 2418 combustio,
551 2347 587 2403 et
600 2330 742 2404 calicem
764 2332 842 2403 cum
860 2329 938 2399 nino
957 2360 970 2401 .·
996 2330 1076 2402 a'tcm
1090 2331 1122 2400 la
1144 2332 1230 2404 endi

42 2518 45 2521 Ι
146 2423 398 2525 Erangcltiam,
425 2445 460 2500 et
472 2429 698 2528 praedicandi.
718 2428 903 2500 Sententia
925 2414 1030 2499 nobis
1048 2453 1114 2525 pro
1163 2428 1225 2501 bi-

146 2521 221 2596 lior
233 2530 246 2620 (
257 2530 354 2620 fiuntd
367 2525 464 2600 dicta
477 2527 539 2601 bic
553 2553 591 2599 n.
608 2527 667 2599 28.
677 2527 691 2604 l
703 2539 823 2615 tenet,
840 2527 987 2598 unicam
1001 2524 1224 2602 Diaconatris
1257 2594 1259 2603 .

146 2627 336 2698 materiam
354 2650 432 2699 esse
448 2652 624 2699 manuum
640 2626 816 2725 Episcopi
829 2625 1116 2723 impositionem,
1134 2628 1225 2699 uui·-

148 2744 305 2822 oamque
323 2723 479 2797 formam
495 2751 572 2797 esse
585 2722 695 2796 verba
713 2725 889 2822 Episcopi
903 2721 1052 2818 :Aeetine
1061 2720 1226 2819 Spiritum

147 2814 314 2892 Sanctum
331 2820 383 2895 ad
392 2822 495 2895 robur
506 2839 571 2897 cto.
598 2821 669 2895 Sed
686 2823 770 2922 quia
789 2820 901 2894 altera
920 2823 1099 2894 sententia
1115 2824 1225 2896 elilim

148 2930 205 2989 est
231 2918 459 3032 probabilis,
480 2920 564 2995 ideo
587 2921 764 3009 tenenda,
781 2917 915 3017 nempd
944 2919 1045 3018 qood
1074 2946 1226 3018 porres,

150 3017 202 3086 tio
229 3032 557 3094 instrumentorum
579 3022 686 3099 etidm
700 3023 747 3092 sit
765 3020 912 3091 materia
927 3019 1112 3118 integralis
1142 3047 1225 3118 par·

146 3111 244 3188 tialis
259 3173 269 3208 ,
285 3144 327 3192 rc
343 3123 536 3289 proptered
564 3117 787 3204 dicendum,
809 3117 909 3217 quod
926 3119 1076 3190 materia
1092 3118 1225 3193 Diaco-

150 3213 256 3286 natirs
278 3218 325 3289 sit
370 3245 421 3316 up
438 3243 481 3290 ex
500 3256 524 3307 ,¹
540 3218 680 3312 scilicet
708 3216 892 3316 impositio
911 3214 1042 3289 maniis
1068 3216 1224 3292 deuterae

151 3310 285 3407 Episco
312 3314 343 3402 i,
362 3341 447 3387 curn
463 3315 577 3389 forma
597 3342 606 3384 ε
628 3316 756 3411 Aeetine
770 3314 932 3411 Spiritum
949 3312 1117 3407 Sanctum
1132 3372 1142 3401 ,
1157 3332 1221 3389 atc.

155 3422 192 3487 et
213 3425 269 3484 tra
300 3412 360 3485 'tio
390 3411 477 3486 libri
504 3414 785 3512 Evangeliorum
814 3439 899 3488 cum
927 3411 1070 3484 forma:
1094 3415 1233 3510 Accipe,

147 3521 361 3605 potestatem>
369 3510 510 3609 legendi
530 3512 757 3609 Evangalricm
776 3528 840 3584 ate.
866 3510 988 3584 Ambo
1003 3525 1125 3584 autem
1140 3527 1225 3585 sunt

151 3610 310 3683 materian
328 3624 365 3681 et
389 3609 515 3685 formae
543 3610 712 3709 partiales
739 3635 857 3684 nuum
880 3610 1057 3683 Ordinem
1084 3612 1225 3683 consti·-

148 3707 461 3803 tuentes.Valeret
475 3710 584 3781 etibm
596 3707 743 3782 traditio
758 3707 981 3791 bibliorum,
997 3709 1081 3806 qnia
1095 3708 1137 3781 iis
1151 3715 1224 3804 jam
1243 3766 1246 3769 -

149 3808 387 3879 continentur
399 3806 605 3904 Evangelia.
622 3805 694 3881 Sed
714 3807 812 3880 dices
831 3835 839 3873 r
857 3806 902 3883 ab
917 3805 1021 3878 initio
1036 3806 1224 3905 quomodo

147 3902 416 3981 ordinabantur
431 3907 606 3998 Diaconi,
633 3905 783 4004 quandb
801 3906 925 3978 deerat
945 3903 1038 3978 liber
1058 3906 1224 4003 Evange-

145 4001 284 4076 liorum
297 4003 312 4074 I
327 4005 597 4105 despondetur,
616 4004 803 4083 Christum
818 4004 1017 4078 Dominum
1032 4006 1224 4104 reliquisse

142 4100 326 4181 Ecclesiae
355 4118 574 4205 potestatem
592 4102 866 4181 determinandi
887 4102 929 4193 in
964 4105 1085 4204 specie
1102 4120 1225 4187 mate·
