2942 4717
285 272 351 367 288
612 296 756 366 Examen
775 252 1053 365 ordinandorum.
1137 318 1147 345 s

284 411 439 510 graviter
454 408 519 510 qui
535 407 695 484 celebrat
711 408 957 508 respondente
971 409 1138 483 muliere.
1151 406 1229 485 Ino
1242 410 1359 490 dirunt'

283 507 416 591 Palud.⁴
433 509 616 607 Wigandt
629 564 639 597 ,
653 510 794 582 Toorn.
810 509 912 605 Lago
928 510 1075 610 ,Laym
1091 525 1162 584 etc.
1176 507 1268 586 bend
1282 539 1358 612 per-

264 638 267 643 *
284 609 405 688 mitti,
426 610 526 707 quod
541 608 701 680 foeminae
714 604 939 777 quandopue
955 607 1205 704 respondeant
1217 614 1236 680 ir
1248 608 1357 709 longia,

283 705 442 804 maxime
459 709 487 779 si
502 708 574 778 sint
587 705 764 777 Moniales
779 759 788 790 ,
804 731 864 777 mo
898 704 906 727 “
929 711 942 795 (
956 720 997 778 ut
1013 707 1198 804 diximus)
1216 712 1358 786 nonim-

229 876 231 879 ,
284 805 441 878 mediata
456 805 612 899 inattari
631 805 862 901 ministrent(
877 803 902 876 I.
923 805 1003 877 611.
1018 806 1082 902 391
1108 823 1146 878 et
1165 807 1273 905 392.)
1336 824 1341 833 ‘

227 922 297 991 ω
334 905 468 1002 Requir
487 903 585 975 VIII.
611 904 704 991 Crux
724 927 802 974 cum
828 903 1014 999 crucffixo,
1046 905 1187 977 etiamsi
1210 910 1246 977 in
1269 905 1359 982 altari

229 1064 234 1068 .
282 1005 486 1098 expositum
501 1009 549 1075 sit
565 1003 627 1074 SS.
644 1003 922 1100 Sacramentum
940 1059 949 1087 ,
973 1018 1012 1075 nt
1032 1000 1189 1076 habetur
1208 1029 1250 1075 ex
1264 1027 1363 1079 caere*

281 1100 436 1189 moniali
453 1103 725 1200 Episcoporom
743 1156 753 1185 ,
774 1115 809 1171 et
828 1102 936 1174 Dect.
951 1100 986 1174 S.
1003 1102 1136 1198 Congr.
1158 1101 1364 1191 Utrirrn'au·

282 1211 356 1273 tem
371 1201 417 1270 sit
432 1199 586 1272 mortale
600 1199 786 1271 celebrare
799 1202 880 1270 sine
896 1214 1006 1271 cruce
1024 1200 1039 1270 I
1053 1199 1085 1272 N
1089 1215 1198 1297 egent
1215 1226 1364 1274 commus

280 1298 510 1396 fiiterLaym.
520 1290 622 1372 Sirar.
633 1301 770 1371 Bonae.
784 1298 925 1370 Tourn.
939 1294 1051 1393 Cone.
1064 1297 1158 1370 Hah.
1172 1292 1363 1373 Meratiet'c.

280 1396 351 1471 Sed
372 1396 764 1482 animadvertendum,
784 1395 885 1494 qood
899 1395 1036 1470 Bened.
1052 1394 1152 1470 xlv.
1168 1398 1208 1469 in
1226 1398 1371 1473 Decreto
1393 1458 1397 1463 ,

282 1493 423 1568 directo
434 1494 481 1566 ad
496 1496 834 1594 ornnesEpiscopos
844 1492 914 1567 sub
928 1492 988 1568 die
1006 1493 1061 1566 16.
1076 1495 1166 1568 tulii
1177 1522 1267 1568 ann·
1278 1496 1367 1595 1946.

283 1595 487 1691 incipiente
508 1593 716 1685 Accepimus
732 1592 838 1687 (vide
850 1592 989 1666 Bullar.
1008 1608 1099 1667 tom.
1119 1594 1368 1692 2.Decr.⁴17¹.)

283 1690 338 1793 sic
352 1694 403 1764 ibi
418 1694 456 1764 in
476 1692 546 1765 fine
564 1717 657 1765 vers.
673 1692 799 1792 Itaque
819 1693 1034 1793 praeoeperit
1046 1706 1058 1764 a
1073 1691 1168 1764 Illud
1183 1692 1277 1767 robis
1288 1717 1368 1789 pre,-

281 1791 454 1880 ciot'mus,
474 1805 513 1861 ut
529 1786 746 1877 culmmodo
764 1791 962 1890 pctr'cmlnd
981 1816 1055 1863 rem
1076 1788 1233 1871 divinam
1249 1791 1322 1867 rfert'
1330 1789 1372 1875 cd

286 1886 493 1989 hujusmodi
510 1888 655 1978 altaria,
680 1890 756 1961 otri
773 1884 1080 1984 Crueffiuu'rdutcr
1097 1888 1308 1981 candelabro
1330 1887 1370 1959 itd

280 1987 485 2088 promineat
500 2042 509 2074 ,
524 2004 562 2060 ut
575 1986 765 2073 Sacerdos,
780 2011 823 2070 cc
829 1989 980 2086 populus
995 1989 1155 2060 eumdem
1171 1987 1370 2085 Crucfficum

282 2086 390 2175 fccr'ld
409 2102 446 2157 et
464 2085 647 2159 commodd
666 2084 795 2158 intueri
800 2085 958 2182 possint,
981 2086 1079 2186 quod
1090 2085 1229 2158 evenire
1247 2083 1372 2186 nequt't,

197 2208 201 2213 ’
287 2183 325 2254 si
339 2181 468 2283 exigua
479 2183 688 2258 soldmcrusr
705 2184 835 2257 minori
839 2182 1102 2264 tabulre'dcffcc
1103 2182 1275 2280 fidelibus
1286 2180 1373 2256 eald·

286 2281 420 2359 beatur.
442 2283 547 2355 Prios
564 2284 664 2357 enim
688 2285 729 2356 in
749 2281 880 2356 codem
898 2282 1053 2356 Decreto
1069 2288 1162 2357 vers.
1186 2281 1373 2382 Equidem,

289 2380 430 2465 dixerat
458 2411 472 2454 .·
496 2380 593 2452 Illud
607 2382 807 2476 permittere
829 2383 1026 2454 nullateuds
1045 2406 1264 2477 possumus,
1294 2379 1375 2480 quod

289 2479 338 2551 M
336 2480 416 2551 r'ssae
423 2478 638 2562 Sacrificium
647 2480 685 2552 in
693 2478 752 2552 his
764 2478 929 2553 ellandus
937 2479 1141 2564 celebretur,
1156 2505 1234 2578 quc
1246 2491 1375 2554 careant

290 2578 444 2676 imagine
470 2578 652 2673 Cructfixi,
685 2578 742 2650 vel
759 2578 839 2677 ipsc
860 2577 1081 2652 incommode
1106 2575 1374 2651 statuatur'cntd

290 2676 550 2772 Presbyterum
568 2677 656 2762 ,cel
663 2675 713 2748 t'td
725 2676 840 2748 tenuis
858 2693 895 2749 et
909 2677 1038 2774 ect'gua
1051 2676 1097 2748 sr't
1112 2733 1122 2768 ,
1140 2695 1179 2747 ut
1195 2677 1304 2775 rpst'ur
1317 2673 1376 2746 Sa-

290 2774 456 2860 cerdott's,
477 2790 512 2845 et
518 2773 644 2867 populi
658 2774 856 2847 assistentis
872 2776 992 2847 oculos
1005 2773 1105 2870 pond
1119 2776 1275 2873 ffugict.
1294 2775 1375 2846 Hinc

292 2874 400 2946 etiam
418 2873 621 2975 notandum
638 2899 681 2947 ex
695 2873 1248 2973 oaeremonialiEpiscoporum,
1266 2870 1377 2973 quod,

293 2974 325 3044 si
354 2973 391 3042 in
421 2972 529 3044 altari
553 2971 655 3046 adest
680 2986 799 3045 statua
817 2972 1010 3062 Crucifixi,
1036 2994 1113 3043 non
1138 2986 1320 3070 oporteat,
1343 2980 1376 3040 ut

293 3069 366 3143 alia
389 3069 486 3143 Crux
512 3087 731 3167 apponatur.
755 3070 873 3169 quue
897 3071 1137 3143 confirmatur
1154 3071 1303 3170 praesato
1318 3068 1376 3141 De·

284 3183 397 3242 'creto
410 3167 621 3254 Benedicti,
637 3169 728 3241 dum
744 3170 797 3242 ihi
817 3168 955 3242 dicitur
970 3195 1013 3242 ex
1032 3169 1213 3241 sententia
1231 3170 1376 3267 Parque·

292 3267 368 3363 ligi,
402 3267 543 3368 Quarti,
570 3286 607 3340 et
635 3266 827 3357 Gr‘ribuldi,
856 3270 914 3340 oni
948 3293 985 3339 se
1018 3267 1264 3342 conformavit
1294 3268 1377 3340 sacr.

287 3358 430 3462 [Congr.
457 3367 607 3439 Rituum
633 3368 672 3439 in
699 3366 860 3465 quodam
895 3368 1052 3440 Decrcto
1078 3366 1180 3467 apud
1214 3369 1376 3442 Moratum

287 3468 357 3561 (n.
373 3467 479 3557 400.)
498 3465 664 3540 sufficere
678 3464 904 3538 crucifixum
919 3468 955 3536 in
976 3469 1108 3563 majori
1130 3465 1255 3539 tabula
1271 3463 1374 3537 altaria

295 3565 503 3663 depictum,
532 3580 595 3636 aut
625 3563 809 3640 caelatum.
834 3563 947 3636 Docet
969 3563 1078 3635 etidm
1096 3565 1242 3660 Pignat.
1261 3563 1329 3660 (Τ.
1348 3583 1375 3658 9.

294 3660 463 3736 Conso'lt.
480 3666 538 3757 89.
560 3664 575 3762 (
590 3688 665 3735 non
681 3688 758 3735 esse
778 3668 890 3762 opus,
914 3678 954 3734 ut
967 3663 1087 3752 Crux,
1107 3678 1170 3735 aut
1185 3660 1377 3735 aliae'sacre

287 3761 475 3858 'Imagines
486 3763 559 3832 sint
577 3759 812 3855 benedictae(
830 3760 857 3833 l.
875 3755 900 3835 6
918 3785 956 3835 n.
977 3759 1060 3858 393.
1076 3761 1310 3858 )Requiritur
1324 3756 1376 3830 IX·

289 3850 441 3956 ‘Duplex
460 3860 618 3931 Candela
635 3885 788 3934 aceensa
817 3883 861 3932 ex
890 3882 993 3950 oera;
1023 3885 1101 3932 non
1127 3882 1171 3932 ex
1189 3857 1304 3949 sebo,
1331 3850 1377 3927 rel

297 3959 402 4049 oleo,
418 3958 488 4031 nisi
515 3955 779 4031 celebrandurn
799 3958 846 4031 sit
866 3983 908 4030 ex
927 3958 1160 4045 necessitate,
1181 3983 1259 4031 non
1275 3968 1376 4029 auten

297 4057 328 4129 si
352 4083 395 4129 ex
421 4054 614 4131 devotione
632 4056 691 4151 (n.
712 4056 820 4156 394.)
852 4048 1107 4231 Repuiruntor
1131 4054 1192 4130 X.'
1207 4070 1245 4139 et
1266 4047 1377 4127 ultind

292 4154 416 4260 ,Bursa
426 4211 437 4259 ,
453 4155 490 4251 V
486 4157 596 4277 eluro,¹
611 4155 781 4233 Pulvillus
792 4154 890 4281 (sire
928 4155 1038 4279 egile)
1050 4211 1060 4250 ,
1073 4174 1109 4232 et
1120 4154 1380 4273 Manuterptitmt,
