2942 4717
302 304 306 311 '
386 289 609 388 Exzoperibus
623 290 790 363 Benedicti
805 290 898 365 XIV.
961 374 966 379 ,
1110 289 1181 361 sss·

113 438 114 441 ¹
136 398 280 478 Siudulti
297 402 346 475 illi
361 414 489 477 careant
499 409 684 477 intentione
699 407 878 496 recipiendi
896 403 1049 496 baptismi
1064 450 1077 489 ‚
1096 404 1178 473 adeo
1210 432 1215 447 ·

97 507 133 562 'nt
148 495 228 560 illam
246 518 306 561 nee
322 498 330 560 i
356 519 391 561 so
406 513 499 581 actu,
517 515 577 560 nec
592 497 685 560 anteh
696 491 890 579 habuerint,
907 505 985 561 tuuc
1000 491 1180 580 Baptismus

103 579 321 649 estinvslidus.
333 518 599 649 italiensium
616 596 683 666 est,
706 581 734 645 si
759 581 852 645 antee
875 581 974 645 fuerit
988 577 1120 663 habita,
1147 592 1180 642 et

104 669 261 757 uumquhm
272 669 400 734 interim
417 679 596 735 retractata.
608 665 740 752 Quodsi
751 662 1130 733 neutrefueritvoluntas
1142 664 1179 729 in

102 756 169 820 rusci
195 756 298 831 iente,
321 769 398 819 tune
420 755 550 818 in‘eam
566 753 758 819 sententiam
774 749 996 823 inclinandum
1013 767 1081 839 est,
1107 770 1180 840 quae

100 777 229 905 hredde
249 839 448 929 Baptizetum
465 840 672 927 pronunciat.
1093 912 1099 924 ,
1228 848 1230 852 ’

134 924 164 991 Si
179 943 248 1014 post
258 926 453 1026 Baptismum
465 922 599 991 affirmet
607 922 851 1025 neophytus‚se
868 924 1003 989 caruisse
1019 921 1179 988 intentio-

100 1033 134 1078 ne
146 1010 332 1097 mfficientr,
350 1008 625 1077 necederat'dicti
639 1033 688 1076 sur
706 1012 837 1076 idoneas
849 1009 1074 1111 prphationes‚
1092 1010 1179 1075 reti-

99 1097 212 1163 nendus
223 1114 292 1183 est,
316 1114 349 1164 et
367 1098 474 1164 denuo
498 1097 672 1183 tingendus
687 1095 747 1162 sub
765 1096 963 1162 conditione.
983 1096 1133 1162 Vicissim
1149 1095 1179 1162 si

98 1180 1178 1291 illasafferat‚nepetqueiterismbaptizarisevelle‚remittendnsest.

98 1267 164 1337 Haec
179 1274 285 1337 omnia
300 1267 429 1338 latedrs
452 1286 522 1336 utet
537 1269 686 1335 Pontilex
701 1271 736 1335 in
753 1267 897 1359 Epistola
913 1270 955 1335 ad
971 1270 1179 1356 viresgeren-

99 1353 402 1423 cernuos'runtto
454 1378 540 1423 ense.
559 1352 643 1434 Bull.
660 1372 740 1421 tom.
758 1378 776 1422 2
793 1379 828 1421 n.
847 1353 901 1422 28.

135 1439 165 1508 Si
179 1441 293 1513 mulier
308 1441 443 1530 gravide
458 1441 612 1527 decedat,
628 1457 734 1531 potest
749 1442 927 1532 Episcopus
943 1442 1180 1530 injungere,ut

98 1547 149 1617 per
162 1531 332 1596 sectionem
349 1549 514 1594 cessaream
529 1527 715 1594 extrahatur
730 1550 771 1594 ex
785 1546 876 1594 utero
889 1528 1007 1605 infans,
1022 1529 1077 1618 qui
1095 1526 1180 1594 forte

99 1615 183 1680 'virm
205 1632 393 1705 reputetur,
414 1614 457 1681 ad
483 1614 567 1699 hoe,
595 1630 632 1680 ut
655 1636 779 1681 sacrum
803 1613 962 1704 Baptisma
981 1615 1179 1680 conferatur.
1261 1656 1264 1679 .

98 1697 163 1765 Non
180 1703 265 1766 enirn
284 1702 322 1769 id
342 1718 387 1768 est
409 1697 606 1792 impossibile
624 1747 635 1786 ‚
652 1716 688 1766 ut
704 1698 890 1781 extrahatur
906 1700 1013 1765 vivus.
1033 1701 1081 1767 De
1097 1699 1179 1788 Syn.

96 1784 219 1865 Dioeces.
232 1785 295 1853 lib.
311 1788 353 1854 ΙΙ.
371 1810 443 1887 cap.
464 1809 528 1875 pn.
550 1785 681 1852 13nov.
698 1786 779 1857 edit.

135 1871 327 1965 baptismum
344 1876 524 1948 ministrare
550 1888 693 1964 tempore
714 1874 810 1963 pestis
832 1894 870 1938 eo
888 1866 1001 1939 morbo
1019 1868 1180 1939 obstrictis

97 1977 148 2048 per
161 1983 192 2025 se
206 1982 273 2026 non
296 1976 422 2028 tenetur
445 1959 649 2051 Episcopus,
677 1980 751 2025 cum
777 1957 831 2025 ille
846 1960 887 2025 sit
906 1961 1068 2051 tamquhm
1084 1982 1182 2025 causa

100 2045 304 2131 universalis,
321 2069 392 2137 quae
409 2070 475 2112 non
491 2069 549 2137 per
565 2069 617 2132 se,
632 2047 687 2112 sed
696 2069 755 2138 per
762 2044 991 2135 particulares,
1008 2047 1043 2112 id
1058 2062 1104 2112 est
1120 2068 1181 2136 per

100 2126 247 2199 Paroehos
263 2148 438 2223 operatur3
453 2133 480 2199 si
497 2151 602 2199 tamen
617 2129 699 2198 alius
715 2132 799 2201 adsit
813 2136 869 2225 qni
883 2147 1032 2223 prestare
1050 2133 1083 2222 id
1099 2156 1182 2223 pos-

97 2215 209 2287 sit.·l)e
232 2217 357 2308 Synod.
374 2220 509 2286 Diores.
525 2216 592 2284 libr
608 2219 659 2285 13.
678 2243 750 2310 cap.
772 2244 782 2285 r
814 2242 871 2285 ..n.
890 2222 921 2287 6.
942 2242 1020 2284 nov.
1038 2220 1118 2287 edit.

71 2368 73 2373 .
136 2305 168 2369 ln
189 2304 227 2375 bc
254 2308 380 2373 tismate
405 2306 601 2372 conferendo
623 2322 755 2395 possunt
777 2238 954 2395 Phesbyteri
977 2305 1081 2372 Grmci
1106 2301 1181 2373 loco

97 2384 209 2459 turine
224 2328 497 2461 ldrmaeadhibere
513 2414 581 2456 earn
596 2414 692 2483 quam
707 2389 872 2461 habentia
886 2414 946 2456 suo
959 2388 1180 2478 Euchologio:

97 2470 281 2564 Baptizatur
296 2501 403 2543 servus
421 2477 482 2543 Dei
499 2474 544 2543 N.
571 2484 603 2542 in
621 2481 762 2555 nomine,
790 2491 849 2543 etc.
868 2478 950 2545 sirint
975 2493 1006 2542 et
1025 2477 1182 2545 adhibere

98 2562 205 2629 trinam
220 2586 313 2656 aquae
326 2564 558 2631 immersionem
569 2586 623 2629 seu
634 2565 848 2652 aspersionem
858 2586 930 2628 curn
947 2562 1183 2630 omnibusune·

99 2647 231 2717 tionibus
249 2652 323 2736 ergh
340 2645 557 2740 baptizatum,
575 2648 631 2715 uhi
651 2666 758 2729 tamen
776 2674 842 2716 non
861 2666 907 2715 est
923 2652 1080 2717 contraria
1100 2673 1184 2717 con-

99 2737 237 2802 suetudo.
266 2731 445 2826 Presbyteri
471 2754 575 2802 tameu
602 2735 788 2803 Graecorum
819 2752 970 2802 vetantur
993 2741 1183 2825 consignare

95 2817 252 2891 chrismate
276 2825 310 2898 in
324 2824 432 2889 fronte
446 2844 504 2905 suo
522 2819 710 2913 baptizatos.
726 2824 822 2890 Licet,
833 2823 972 2889 vicissim
987 2827 1035 2890 uti
1052 2826 1086 2891 in
1104 2826 1183 2917 Bap-

98 2906 214 2975 tismate
228 2910 311 3002 aqud
329 2906 454 2994 calidis,
472 2912 555 2975 sicdt
573 2926 604 2975 et
620 2906 694 2976 licet
711 2904 863 2975 Parochis
875 2909 994 2977 Graecis
1006 2934 1078 2978 suos
1096 2911 1182 2981 sub·-

98 2990 173 3061 ditos
187 2995 348 3087 baptizare
365 2999 446 3088 aquia
459 3019 522 3098 per
540 2996 626 3086 ipsos
635 2997 746 3063 Graero
761 3020 851 3062 more
863 2995 1043 3064 benedicta.
1054 2998 1184 3067 Vetan-

97 3091 143 3145 tur
156 3081 305 3174 insuper,
320 3105 360 3148 ne
379 3082 547 3174 hapuzatis
561 3085 670 3172 pueris
682 3085 941 3150 communionem
961 3082 1019 3150 sub
1044 3102 1183 3179 utraque

98 3171 193 3253 specie
209 3168 263 3235 vel
278 3168 337 3235 sub
353 3192 416 3235 una
431 3171 676 3254 administrent,
693 3170 798 3256 sitim,
819 3192 924 3263 neque
939 3172 1058 3238 eisdem
1074 3176 1185 3265 pueris

96 3254 253 3322 conferant
269 3257 303 3321 in
320 3255 416 3323 Missa
434 3253 682 3323 Eucharistiam.
1136 3260 1152 3345 Ἰ

134 3337 158 3407 F
160 3339 222 3409 iliis
237 3341 338 3408 Patris
352 3342 465 3409 Latini
492 3358 523 3407 et
542 3344 652 3407 matris
668 3338 789 3408 Graecae
802 3340 918 3413 Latino
934 3345 1000 3411 ritu
1017 3342 1060 3410 Ba
1087 3346 1182 3414 tisma

98 3426 280 3493 conferatur.
299 3426 333 3494 Si
346 3429 524 3520 verdpater
537 3430 578 3495 sit
593 3426 724 3494 Graecus
735 3424 1026 3518 etmater‘batium
1043 3368 1183 3503 liberum

85 3509 149 3576 -erit
162 3515 245 3602 patri
262 3515 360 3581 ritum
377 3513 505 3604 eligere.
621 3589 623 3593 7
653 3593 655 3596 ¹

87 3632 91 3645 ι
135 3595 287 3690 baptizati
305 3601 370 3681 rim
380 3599 493 3671 Graeco
509 3598 643 3667 subsunt
659 3599 873 3689 jurisdictioni
889 3598 1024 3668 Parochi
1041 3601 1182 3681 Graeco-

100 3702 185 3780 rpm,
203 3710 262 3752 nec
277 3704 410 3777 possunt
425 3685 531 3755 Latini
547 3684 665 3778 absque
678 3688 915 3839 dippensatione
928 3689 1018 3755 Sedis
1034 3690 1183 3780 Apostc-
1248 3704 1252 3711 ·

98 3759 162 3834 lice
178 3775 311 3840 transire
336 3775 377 3843 ad
404 3777 501 3841 ritum
524 3772 683 3840 Graecum.
743 3775 860 3840 icissinr
883 3773 1012 3841 Grecus
1035 3798 1076 3840 ex
1100 3798 1183 3841 con-

101 3858 233 3925 cessione
250 3854 401 3950 Episcopi
411 3860 637 3949 Latinipotest
652 3857 693 3925 ad
708 3860 861 3926 Latinum
875 3864 1018 3927 transire·
1028 3861 1093 3947 Qui
1103 3865 1183 3945 verri

98 3934 205 4010 Clerici
222 3963 296 4011 sunt
316 3947 350 4013 in
370 3968 572 4038 quocumque
590 3944 714 4013 Ordine
731 3947 828 4012 etiam
846 3946 964 4015 minori
979 3950 1182 4019 constitutis

100 4029 192 4095 tritu
212 4029 324 4099 Graeeo
339 4028 381 4099 ad
394 4032 544 4105 Latinum
560 4032 630 4097 sine
644 4029 773 4100 licentia
789 4034 922 4098 transire
939 4051 1114 4124 nequeunt.
1177 4038 1183 4049 '

62 4162 86 4177 ,ι
145 4107 204 4185 bas
213 4134 264 4272 ‘pst
280 4117 400 4279 Gprplcp
416 4116 641 4190 Sacerdotibus
653 4134 783 4211 peracta
794 4123 860 4214 jam
875 4122 1115 4207 consecratione
1121 4120 1190 4216 ²‘et
1253 4145 1257 4149 ·

85 4256 89 4263 ·
190 4226 193 4231 ’
247 4227 299 4274 om
389 4249 400 4280 r
898 4280 900 4287 s
1010 4228 1052 4278 Ν
1152 4266 1159 4283 ,
1248 4256 1251 4264 ⁴
