2942 4717
381 209 463 366 Cap,
477 259 538 327 lll.
555 260 606 328 De
621 259 789 330 ordinibus
803 262 838 328 in
852 262 970 351 specie.
1079 317 1082 330 .
1144 260 1206 333 551

136 373 259 474 {ircim
274 373 401 448 lr'brum‘
416 374 672 473 Epistularum,
696 389 731 445 et
743 373 834 447 habe
845 387 1055 472 potestatem
1071 372 1215 471 legendi
1245 405 1247 410 ·
1313 395 1315 398 ·

135 491 243 547 essen
254 474 424 571 ..Duplici
441 475 539 547 enim
552 475 714 552 meteriae
726 472 863 572 duplex
879 472 1076 546 adhibetur
1093 474 1210 546 forme
1230 485 1233 487 ’

136 574 299 670 partialis.
319 559 488 647 Officium
507 573 729 645 subdiaconi
755 574 881 667 (ultra
903 571 1078 670 predicta
1096 573 1134 643 in
1150 570 1210 643 el-

28 721 30 728 ψ
134 676 222 763 tari)
237 688 291 744 est
306 672 447 745 deferre
465 675 622 746 Crucem
636 726 646 756 ‚
659 685 697 744 et
709 670 830 743 lavere
845 670 1061 769 corporalia,
1079 672 1211 743 Pecca-

134 784 182 842 ret
196 771 469 855 subdiaconus,
490 773 520 843 si
538 771 677 870 absque
695 768 886 866 manipulo
904 767 1121 842 solemniter·
1138 772 1210 841 mi·t

133 868 294 942 nistraret
316 869 354 941 in
379 869 516 954 Missa,
538 869 606 942 nisi
632 883 778 967 urgeret
803 868 997 941 necessitas
1019 923 1028 956 ,
1053 882 1093 939 ut
1113 867 1212 941 dicit

29 1007 36 1028 ¹-
136 966 169 1040 P.
180 968 281 1041 Suer.
300 966 346 1041 de
358 968 514 1041 Censor.
529 969 634 1065 Disp.
647 971 706 1061 da.
719 968 734 1064 )
749 970 807 1042 An
822 983 943 1048 antem
957 968 1109 1063 graviter
1126 990 1211 1062 pec·

28 1093 30 1128 :
134 1077 181 1137 cet
204 1066 458 1140 Sobdiaconus
483 1066 690 1140 ministrans
718 1070 756 1139 in
782 1064 963 1138 mortali?
988 1065 1083 1137 Vide
1111 1062 1209 1137 dicta

131 1166 233 1263 supra
261 1190 298 1236 n.
322 1169 374 1258 14.
388 1163 554 1240 Clericus
569 1174 580 1256 (
598 1164 654 1238 vel
680 1165 789 1237 etiem
812 1164 1211 1258 subdiaconus)exer·
1242 1188 1246 1203 ·

28 1291 30 1338 t
131 1286 209 1352 ceos
225 1263 386 1338 officium
399 1263 624 1338 Subdiaconi
639 1263 717 1336 sine
732 1261 944 1358 manipulo,
959 1261 1014 1334 rel
1032 1287 1118 1336 cum
1136 1287 1212 1334 ma·

28 1377 30 1442 ῑ
130 1360 282 1458 ripule,
310 1362 376 1436 sed
405 1385 481 1436 non
505 1360 702 1435 intendens
732 1388 775 1434 ex
803 1360 923 1435 officio
951 1375 1077 1433 actum·
1100 1358 1209 1433 illum

28 1463 30 1478 '
129 1481 310 1546 exercere,
329 1486 404 1533 non
418 1462 575 1533 incurrit
587 1459 914 1558 irregularitatem;
932 1458 1017 1557 qnia
1035 1475 1125 1531 tunc
1139 1463 1153 1555 (
1167 1470 1210 1531 ut

93 1628 99 1640 ,
128 1560 171 1630 tit
183 1559 318 1632 Bonae.
333 1563 347 1654 )
361 1573 504 1632 exercet
516 1558 658 1631 tuntirm
674 1558 835 1631 officium
847 1561 1016 1631 cantoris.
1030 1557 1161 1641 Sociis,
1178 1556 1209 1631 si

28 1673 30 1686 ⁴
108 1680 204 1734 ⁴cunr
219 1656 412 1757 manipulo
432 1651 640 1731 intenderet
657 1682 823 1731 exercere
837 1656 999 1731 officium
1018 1657 1211 1755 proprium

125 1752 357 1829 subdiaconi.

29 1857 30 1860 ’
168 1853 217 1927 Ut
231 1855 316 1954 quis
334 1853 381 1927 ed
392 1829 703 1929 Suhdbconatum
719 1851 1073 1953 possitpromoveri,
1089 1851 1252 1961 requi-53

126 1950 215 2023 ritur
236 1980 271 2025 r.
289 1969 329 2027 ut
343 1955 388 2025 sit
403 1952 594 2027 ordinatus
610 1958 647 2026 iu
663 1952 884 2026 minoribus.
899 1952 1046 2024 nrffitas
1065 1977 1123 2025 ar.
1141 1977 1209 2023 an·
1243 1977 1247 1982 ·

124 2073 254 2127 norum
291 2051 577 2150 completorum.
602 2052 637 2126 3.
661 2049 810 2126 Titulus
840 2049 1143 2141 sustentationis(
1163 2048 1212 2121 de

30 2181 31 2184 ¹
126 2148 299 2246 quotide
323 2149 421 2223 dicto
449 2176 488 2225 n.
509 2150 560 2249 37
581 2151 627 2223 ad
647 2149 706 2255 39.
726 2154 740 2245 )
763 2154 800 2244 4.
824 2150 878 2224 Ut
899 2147 1104 2224 tenesciae
1126 2171 1212 2248 ane

29 2283 30 2288 κ
124 2251 309 2343 pertinent
334 2248 383 2322 ed
408 2275 515 2321 suum
542 2275 687 2322 munus.
709 2248 744 2321 5.
770 2252 955 2333 Examen,
980 2247 1077 2346 quod
1101 2246 1211 2320 debet

29 2347 30 2382 ³
125 2344 274 2444 quidem
293 2347 492 2445 rigorosius
514 2372 592 2445 esse
615 2347 654 2419 in
671 2344 937 2429 subdiaconis,
963 2360 1004 2418 ut
1023 2344 1118 2418 recte
1140 2344 1210 2418 ad-

29 2479 30 2542 3
123 2444 222 2517 vertit
246 2444 491 2518 Homohonus
512 2446 528 2542 (
549 2444 844 2518 Poenitentiarius
867 2444 906 2515 in
933 2441 1100 2518 Ecclesia
1114 2444 1211 2521 Bon·
1241 2438 1248 2448 ⁸

124 2553 157 2614 et
168 2541 358 2638 signanter
374 2544 470 2617 circo
486 2540 708 2616 Subdieconi
727 2541 969 2641 obligationes
982 2541 1118 2639 nempe·
1130 2566 1210 2615 ser·

28 2633 30 2712 i
123 2642 226 2714 randi
238 2644 470 2730 castitatem,
487 2641 665 2716 recitandi
677 2641 836 2714 officium
854 2639 1040 2728 (habendi
1057 2639 1210 2714 titulum

28 2737 30 2822 ζ
122 2741 414 2830 sustentationis;
434 2739 589 2813 necnon
603 2740 713 2813 refert
730 2737 981 2813 subdiaconos
1001 2740 1210 2812 examinare

28 2841 30 2920 {
123 2837 213 2912 circi
227 2841 430 2924 Censores,
448 2857 484 2912 et
495 2838 783 2937 Irreguleritates
800 2895 808 2916 ,
825 2827 982 2936 querum
996 2837 1210 2936 singulatim¹

28 2927 30 2976 ³
123 2935 382 3109 principaliora
407 2936 616 3013 rudimento
637 2963 723 3012 mox
745 2937 842 3011 inire
862 2934 1019 3011 breviter
1040 2960 1213 3011 recense-

28 3025 30 3090 Ϊ
147 3061 256 3116 rmus.

309 3183 312 3190 ’
434 3183 467 3281 ἓ.
481 3185 512 3260 Ι.
530 3184 588 3256 De
609 3199 687 3256 roto
704 3181 890 3258 castitatis.

165 3328 376 3405 subdiacon
405 3356 480 3404 sex
496 3345 683 3429 praecepto
699 3332 734 3402 S.
749 3330 915 3427 Gregorii
932 3327 1041 3429 Papae
1059 3327 1098 3402 in
1117 3352 1149 3403 c.
1173 3351 1257 3423 ²⁸⁵9·

122 3426 211 3503 Dist.
232 3432 279 3502 28
293 3357 440 3516 tenddur
456 3444 582 3504 votum
601 3428 773 3503 castitatis
796 3430 972 3503 emittere.
995 3429 1091 3500 Hinc
1108 3424 1210 3498 obli·

124 3529 215 3621 gatio
228 3531 456 3617 castitatiejjin
466 3527 653 3603 Ordinatis
669 3529 707 3600 in
724 3528 835 3601 saeris
849 3521 1033 3600 veriorest'
1045 3524 1211 3599 exvivoti

123 3625 322 3720 Ordinibus
345 3631 476 3700 annexi
494 3683 504 3716 ,
523 3631 635 3727 quim
657 3627 829 3727 precepti
850 3625 1024 3698 Ecclesioe
1039 3682 1047 3704 .
1063 3622 1111 3696 ut
1124 3623 1214 3698 satit.
1251 3713 1254 3717 .

123 3723 307 3839 colligitur
323 3751 366 3798 ex
389 3749 470 3895 esp.
495 3727 589 3799 Cum
611 3725 725 3810 olim,
746 3722 793 3798 de
813 3723 912 3797 Cler.
930 3726 1086 3818 Coniug.
1102 3724 1209 3795 Atto·

446 3847 456 3894 r

120 3845 204 3895 men
219 3849 249 3896 st
265 3823 347 3922 quis
365 3825 417 3906 Or
461 3849 545 3897 nem
559 3824 653 3896 susci
684 3823 794 3895 iendo
811 3820 978 3921 expressit
993 3820 1113 3893 nollet
1125 3844 1210 3893 cas·

121 3919 258 3994 titatern
271 3947 418 4007 vovere,
435 3936 524 3996 tunc
545 3924 609 3996 iste
626 3851 757 3996 saltem
772 3947 816 3995 ex
861 3933 1017 4020 recepto
1035 3917 1210 3994 ecclesie
1269 4003 1272 4012 ,

120 4018 166 4092 ad
189 4021 390 4094 castitatem
413 4035 611 4095 teneretur.
639 4022 795 4119 Hocque
844 4017 1044 4103 icendum,
1067 4018 1211 4093 etiarnsi

121 4118 276 4198 nesciret
295 4118 393 4196 hanc
420 4119 707 4223 obligationem,
729 4114 980 4197 moderetur
1002 4115 1086 4196 'vert
1105 4115 1210 4198 ordis
