2942 4717
362 195 447 289 cap.
462 197 521 301 ¹¹¹:
538 197 589 266 De
602 195 771 266 ordinibus
784 195 821 265 ln
839 191 955 284 speeie.
1129 184 1193 260 ’δι”

127 311 238 389 ..obiter
250 309 473 398 notandum,
495 311 595 410 quod
610 309 741 382 Innoc.
760 306 852 393 XII,
871 302 1031 380 inllulla
1046 298 1197 404 Nuper.
1321 325 1322 328 ’

35 456 37 459 -
128 433 206 484 auu.
229 409 313 511 1697
340 408 555 509 praeceperit
571 408 745 482 omuibus
764 406 1016 487 Ecclesiarum
1042 401 1198 475 Rectori·
1252 476 1261 511 ἱ

126 503 212 592 bns,
229 525 268 582 nt
292 510 331 580 in
358 508 443 590 loco
467 509 606 608 patenti
636 502 1014 607 exponant‘tabellam
1042 526 1199 577 onerum

60 652 61 655 =
129 605 311 697 Missurum
324 604 604 720 temporalium,
622 620 659 678 et
675 619 955 703 perpetuarum,
977 601 1023 672 ad
1042 598 1133 685 hoo,
1151 620 1201 672 ne

129 717 319 776 onerentur
335 730 437 779 noma
453 703 649 788 oneribus,
666 692 804 805 quibui
821 701 1122 775 satisface're‘non
1139 722 1202 771 ra·

127 798 217 874 leant
232 798 273 874 ist
288 799 425 877 debent
438 804 534 895 (vide
548 802 650 901 apud
662 830 697 878 c.
713 804 888 876 Instruct.
907 825 941 899 p.
960 825 1033 872 nn.
1047 798 1150 894 409.)
1182 808 1184 815 ’

150 931 156 937 ·
170 898 272 971 Nulli
288 900 374 974 licet
389 900 474 973 dare
487 900 703 975 aliisMissas
721 900 768 973 nd
785 897 1069 980 celebrandum,
1084 910 1201 967 reten·
1211 910 1260 975 sot

78 1027 82 1034 ·
130 997 274 1094 tlparte
297 997 495 1100 stipendii,
513 998 590 1072 'sub
608 1014 724 1098 'poena
754 988 836 1113 ipso
855 997 951 1069 facto
978 991 1205 1068 incurrentia

32 1154 34 1159 .
127 1097 369 1193 suspensionis
386 1099 496 1193 Papae
517 1113 725 1187 reservatae,
746 1123 777 1169 s1
802 1111 857 1169 est
875 1094 1039 1168 Clericus
1057 1148 1065 1175 ‚
1085 1106 1120 1163 et
1139 1112 1206 1163 ex·-

127 1196 480 1282 communicationis,
495 1200 524 1267 si
542 1196 654 1272 laicus
665 1252 675 1285 ‚
688 1195 727 1268 tu
742 1194 899 1269 habetur
913 1196 949 1267 in
961 1190 1066 1265 Bulla
1080 1192 1208 1287 Quan-

128 1302 159 1365 ta
175 1319 284 1382 cura,
302 1292 440 1390 Bened.
455 1292 556 1367 XIV.
574 1297 622 1367 Et
638 1288 721 1392 pars
740 1306 880 1383 retenta
896 1308 984 1366 tuuc
1004 1287 1113 1363 debet
1126 1315 1209 1375 ress

126 1391 202 1463 titni
213 1447 223 1482 ‚
236 1406 274 1462 et
284 1391 513 1490 probabilius
527 1392 713 1469 sacerdoti
726 1389 924 1465 celebranti
937 1387 1080 1491 petiiss,
1095 1391 1209 1557 (pulsnt

127 1489 667 1591 pauperibus.Excipe-nisipin
694 1518 738 1563 ue
753 1486 848 1563 illud
861 1487 1086 1586 stipendium
1127 1482 1210 1557 etur
1311 1528 1315 1536 =

125 1585 229 1660 alicui
246 1589 388 1662 ratione
415 1613 602 1683 personae.
622 1519 690 1662 ref
704 1588 897 1671 beneficii.
917 1602 980 1659 aut
995 1583 1210 1684 capellaniae
1272 1613 1274 1617 ’

123 1687 246 1780 (etiam
262 1687 499 1783 amissibilis),
515 1686 574 1759 vel
589 1687 715 1786 Legati
733 1684 919 1788 perpetui,
936 1684 1022 1785 quia
1043 1701 1131 1755 tunc
1145 1708 1213 1782 po·
1333 1716 1338 1725 1

32 1870 33 1883 ἶ
126 1798 191 1857 test
210 1811 367 1881 persona
385 1785 602 1884 hujusmodi
622 1802 761 1883 perlem
785 1784 1022 1858 excedentem
1042 1782 1212 1854 retinere.

32 1904 33 1935 ἐ
124 1881 450 1959 Administratores
474 1900 594 1957 autem
620 1883 870 1971 Ecclesiarum
908 1908 950 1955 ex
978 1881 1084 1953 Decr.
1110 1881 1215 1954 Sacr.
1305 1942 1348 1951 γ.

126 1983 261 2079 Congr.
275 1981 494 2056 confirmato
508 1982 553 2054 ab
566 1982 696 2056 lnnoc.
707 1983 795 2072 ΧΙΙ,
806 1976 860 2054 nil
879 1995 1032 2080 possunt
1046 1982 1216 2067 retinere,

124 2082 316 2154 necetiam
358 2106 398 2152 ro
415 2085 582 2181 expensis
603 2082 641 2153 iu
659 2081 906 2155 celebratione
919 2080 1126 2152 Missurum.
1144 2075 1215 2174 uisi

125 2180 295 2372 giselpsia
312 2108 401 2253 alios
423 2206 500 2253 non
519 2178 653 2255 habeat
669 2179 809 2256 reditus
825 2177 937 2281 (Vide
954 2178 980 2252 l.
997 2178 1073 2262 611:
1095 2176 1160 2250 321
1178 2187 1216 2249 et

154 2304 207 2351 22.

32 2446 33 2449 ,
173 2375 333 2451 Paroehi
353 2401 397 2450 ex
415 2374 548 2467 Bulla,
568 2376 663 2449 Cum
677 2364 1024 2476 semper‚ejnsdein
1035 2370 1214 2447 benedic·
1226 2396 1274 2455 sos

32 2482 47 2551 ’,
128 2474 360 2566 tiXIV,data
378 2499 424 2571 29
440 2475 532 2573 Aug‘.
557 2477 640 2571 1741
653 2529 663 2561 ,
678 2489 852 2547 tenentur
865 2473 1052 2572 applicare
1068 2471 1215 2542 Missam

130 2596 195 2675 pro
206 2572 349 2674 populo
360 2572 533 2645 omnibus
545 2571 839 2661 diebusfestiris‚
858 2575 998 2646 etiamsi
1015 2595 1216 2666 congruam

129 2699 202 2746 uon
217 2661 383 2746 habeant
395 2672 709 2744 sustentationem.
727 2671 764 2743 Si
788 2669 875 2755 verb
899 2672 1053 2770 pingues
1076 2666 1240 2771 babent,

128 2772 291 2855 reditus,
310 2795 386 2842 nou
406 2785 579 2842 tenentur
594 2769 729 2870 saepibs
743 2771 868 2843 Missas
885 2767 1073 2869 applicare
1088 2792 1096 2848 3
1118 2766 1158 2839 irt
1175 2768 1217 2841 in
1264 2774 1268 2783 '

130 2869 259 2945 eadem
272 2868 379 2942 Bulla
396 2867 606 2945 declaratur
623 2868 705 2967 (lib.
721 2867 801 2943 611.
820 2869 891 2942 325
904 2871 979 2961 Qu.
993 2866 1053 2961 ll.)
1070 2865 1136 2938 llic
1153 2891 1217 2937 au·

130 2983 206 3045 tem
225 2967 346 3042 obiter
363 2966 589 3058 notandum,
606 2966 709 3066 quod
727 2968 765 3041 iu
784 2964 912 3041 eadem
925 2964 1031 3039 Bulla
1053 2963 1218 3037 Pontifex

132 3065 356 3159 decreverit,
374 3080 419 3138 ut
432 3066 540 3138 Missa
555 3064 843 3156 conventualis,
862 3089 945 3165 quae
961 3063 1115 3162 singulis
1136 3062 1219 3134 diess

130 3164 201 3242 bus
218 3165 365 3239 canitur
382 3168 402 3236 a
422 3164 544 3250 clero,
571 3190 636 3258 pro
665 3161 962 3241 benefactoribus
990 3160 1219 3261 applicetur,

125 3261 364 3363 ‘respiciendo
382 3262 634 3336 benefactores
651 3264 689 3336 in
707 3287 839 3362 genere
859 3266 1128 3361 cujuscumque
1142 3261 1220 3333 Ec·

133 3364 278 3451 clesiee,
298 3360 425 3461 quavis
445 3361 713 3436 consuetudine
728 3387 804 3440 non
822 3358 990 3455 obstante
1003 3364 1056 3431 lu.
1069 3357 1172 3450 326.)
1205 3362 1214 3421 ι’

32 3548 33 3551 ¹
172 3460 396 3562 ‘Applicatio
416 3458 526 3534 debet
540 3459 619 3533 lieri
639 3459 721 3534 ante
741 3459 1041 3537 celebrationem.
1057 3459 1114 3528 vel
1135 3451 1280 3545 antem
1385 3524 1387 3527 .

135 3558 464 3634 consecrationem.
478 3550 750 3651 Veriirs'autem
770 3554 976 3658 (quidquid
992 3553 1056 3627 alii
1073 3553 1223 3650 dicant)
1244 3615 1246 3618 .

134 3660 270 3755 sufficit
296 3656 495 3756 applicatio
521 3657 641 3730 Missae
667 3655 886 3748 habitualis,
910 3655 951 3729 ist
975 3654 1223 3743 communiter
1342 3686 1346 3695 r

73 3826 74 3831 ,
136 3758 274 3832 docent
289 3754 394 3830 Suar.
418 3756 473 3828 Lu
500 3782 543 3845 o,
565 3758 701 3831 Bonae.
724 3756 867 3830 Tourn.
888 3751 1031 3827 Holnm.
1051 3751 1166 3824 Cone.
1187 3765 1226 3825 et

139 3855 202 3929 alii
218 3856 341 3956 plures
356 3852 459 3947 (Lib.
473 3779 499 3925 li
511 3881 550 3927 n.
567 3853 637 3939 335
653 3856 725 3948 Qu.
745 3853 791 3952 Ι.)
808 3856 850 3945 Si¹
862 3851 971 3928 Missa
988 3848 1085 3924 nulli
1098 3847 1225 3947 appli-

139 3969 265 4041 cetur,
281 3952 423 4026 fructus
438 3965 562 4024 manet
576 3953 613 4025 in
630 3951 801 4026 thesauro
815 3948 1003 4033 Ecclesiae.
1015 3945 1225 4046 Applicatio

135 4066 262 4167 putem
274 4049 344 4131 sub
356 4049 572 4172 conditicpe
588 4075 666 4128 non
679 4051 837 4157 impleta
848 4057 863 4146 ',.
875 4044 997 4168 salida
1010 4060 1084 4143 θεῖς
1097 4048 1128 4125 si
1142 4036 1230 4162 verb
