2942 4717
208 223 252 299 la
596 230 706 301 Praxis
718 219 923 300 confessarii.
1016 227 1018 234 ’
1169 319 1175 328 ν

207 356 388 432 mortem,
402 344 613 429 infamiam,
627 360 879 445 paupertatem
893 402 901 429 ,
914 358 982 417 etc.
1000 354 1166 418 teneatur
1179 343 1305 417 omnia

212 442 423 530 declarare,
446 461 481 517 et
494 445 570 545 sint
589 444 729 517 diversa
759 456 908 542 peccata
933 468 1088 516 numero
1110 442 1302 527 distincta,

210 566 297 613 cum
315 569 355 614 ea
374 542 491 615 voluit
509 542 707 616 efficaciter
726 541 781 614 illi
800 537 959 614 inferre:
985 556 1049 614 aut
1066 543 1096 615 si
1113 542 1301 640 speciatim

142 688 145 697 ·
208 640 301 713 etin
316 640 528 739 particulari
546 642 705 740 optavit,
721 657 764 714 ιιι
781 641 862 713 lraec
874 639 930 713 illi
946 640 1170 714 acciderent.
1183 638 1303 712 Aliter

209 753 349 823 autem,
364 756 406 811 ut
424 740 554 813 dicunt
569 739 810 839 probabiliter
824 738 932 811 multi
950 740 1028 813 ΠΙ).
1042 740 1176 837 (Tum,
1191 737 1305 813 lV.'l.³

208 835 232 911 5
254 864 292 910 n.
316 837 362 911 50
382 864 415 909 ι.
434 841 557 932 Qiraer.
576 842 654 932 5),
681 840 711 912 si
735 841 912 938 optaverit
928 838 1025 911 mala
1048 837 1111 910 illa
1132 835 1202 910 sub
1223 861 1304 909 uno

209 959 342 1049 genere
361 939 471 1024 mali,
499 936 634 1037 nempe
659 937 847 1010 ut=media
867 936 914 1009 ad
938 940 1082 1010 ruinam
1100 936 1306 1036 oppetitam

207 1035 372 1108 rnimico.
390 1039 440 1110 Et
463 1036 527 1110 hic
547 1051 602 1109 est
617 1036 786 1109 confusio
802 1037 1142 1121 confessariorum,
1165 1037 1205 1107 in
1225 1033 1305 1106 dis·
1352 1101 1355 1108 .

208 1133 420 1225 cernendo,
435 1162 481 1208 an
500 1136 803 1235 imprecationes,
846 1161 903 1208 uae
919 1132 1077 1207 rudibus
1089 1158 1167 1205 esse
1182 1132 1305 1205 solent

206 1232 356 1305 usuales
369 1290 379 1323 ,
391 1233 528 1309 fuerint
545 1248 693 1333 peccata
712 1162 904 1324 mortalia,
931 1261 979 1306 an
991 1232 1159 1306 venialia.
1175 1230 1219 1302 Iu
1232 1231 1307 1302 hoc

208 1345 353 1429 oportet
371 1337 593 1430 interrogare
610 1335 648 1405 in
697 1332 800 1412 rimis
826 1334 1068 1432 poenitentem
1087 1387 1096 1420 ,
1116 1357 1163 1402 an
1182 1332 1220 1401 iu
1237 1329 1309 1418 illo·

208 1444 291 1502 actu
309 1429 572 1505 desideraverit
589 1359 809 1518 deliferate,
835 1447 876 1504 ut
893 1431 959 1504 ille
976 1429 1191 1503 succederet
1206 1452 1216 1520 3
1238 1426 1308 1500 secl

208 1525 282 1601 hoc
300 1554 376 1601 non
392 1529 528 1605 suflicit
545 1530 593 1603 ad
606 1546 749 1604 certum
771 1529 952 1629 judicium
970 1527 1207 1615 faciendum
1230 1528 1304 1625 qua

209 1626 256 1699 de
278 1652 315 1699 re
342 1653 436 1728 opus
459 1645 537 1720 est,
564 1644 608 1703 ut
629 1632 756 1729 postea
773 1631 996 1726 interroget,
1026 1627 1057 1700 si
1084 1627 1307 1725 imprecatus

207 1723 374 1799 fueritin
395 1743 603 1813 extraneos,
626 1756 674 1801 an
697 1730 737 1801 in
771 1728 1025 1827 propinquos,
1054 1726 1141 1825 quia
1172 1726 1210 1795 in
1237 1722 1307 1816 hos

208 1825 224 1918 (
241 1826 430 1925 proecipue
444 1828 483 1900 in
498 1827 612 1919 filios,
631 1831 830 1927 conjuges,
847 1842 911 1899 aut
928 1825 1120 1922 parentes)
1136 1821 1220 1895 raro
1232 1823 1309 1894 ani·

206 1948 292 1995 mus
319 1951 461 2023 pravus«
479 1926 594 2000 adest.
623 1924 984 2022 Postremooportet
1007 1926 1231 2019 interrogare
1262 1919 1310 1994 de
1367 1984 1369 1987 Α

209 2047 342 2112 eausa,
358 2029 498 2098 coreas
516 2026 800 2123 imprecationes
813 2023 1008 2121 protulerit
1024 2048 1033 2106 ;
1049 2021 1140 2093 dum
1154 2022 1183 2092 si
1199 2045 1311 2112 causa

209 2121 349 2216 gravis,
365 2137 427 2194 aut
444 2123 584 2196 fervens
604 2123 657 2195 ira
680 2123 975 2208 intercesserint,
1000 2119 1108 2193 facile
1124 2134 1199 2200 est,
1217 2133 1308 2189 tunc

209 2220 318 2291 etiam
340 2245 495 2319 pravum
519 2220 745 2295 desiderium
774 2221 997 2295 interfuisse.
1024 2217 1207 2294 catarum
1232 2242 1312 2290 non

210 2317 345 2391 sufficit
363 2322 581 2417 poenitenti,
607 2321 655 2392 ad
679 2319 902 2392 excusandas
919 2317 1228 2417 imprecationes,
1252 2313 1312 2387 di-

211 2441 320 2503 cere,
340 2417 440 2517 qnod
464 2418 609 2492 tanturn
629 2422 668 2491 in
687 2420 756 2491 illo
776 2427 881 2503 actu,
903 2430 943 2490 ut
962 2421 1172 2500 evenirent,
1200 2439 1318 2514 cupe·-
1351 2502 1354 2505 Α

209 2531 288 2606 ret3
305 2519 393 2616 quia
409 2516 480 2590 hoc
494 2522 570 2617 jam
588 2518 722 2592 sufficit
734 2551 747 2602 ¹,
765 2532 806 2590 ut
821 2518 861 2589 in
876 2515 941 2589 illo
957 2529 1039 2588 actu
1053 2514 1247 2587 commissa
1262 2514 1312 2586 sit

211 2613 323 2714 culpa
353 2620 494 2713 gravis3
521 2614 619 2689 unde
642 2616 895 2691 Confessarius
925 2628 1014 2686 tunc
1045 2612 1236 2712 perquirat
1264 2611 1314 2686 de

210 2735 379 2805 nurnero,
400 2730 437 2787 et
453 2716 595 2814 judicet
609 2711 655 2786 de
673 2716 725 2786 eis'
737 2715 887 2798 saltem,
906 2712 948 2784 irt
962 2737 1086 2785 coram
1104 2712 1182 2783 Deo
1195 2724 1281 2782 suut
1299 2738 1311 2781 ε

210 2825 249 2882 ot
267 2838 379 2912 quern
395 2815 596 2887 recidivum
613 2814 652 2885 in
665 2838 707 2885 eo
723 2813 810 2885 vitio
824 2811 1021 2911 repererit,
1042 2833 1118 2883 uon
1133 2807 1313 2896 absolvat,

211 2913 285 2983 nisi
311 2910 413 3010 priirs
441 2912 635 3011 resipuerit
656 2923 761 2999 ,aut
799 2908 1139 2984 extraordinarium
1174 2905 1316 2982 doloris

152 3081 157 3104 ,ι
212 3033 358 3105 signum
377 3005 535 3083 dederit.
642 3021 644 3030 “

222 3133 226 3142 ’
262 3106 322 3206 37.
335 3108 541 3208 Interroget
559 3135 592 3183 2.
606 3109 643 3181 si
656 3108 823 3208 proximo
837 3106 1005 3181 intulerit
1018 3106 1172 3207 injurias
1187 3129 1315 3202 graves

211 3219 250 3278 ct
273 3233 320 3279 an
340 3233 463 3281 coram
484 3208 566 3280 aliis
581 3229 591 3297 ;
608 3212 696 3306 quia
723 3223 813 3281 tunc
833 3222 981 3283 tenetur
999 3219 1124 3278 coram
1144 3204 1314 3304 ipsismet

210 3307 405 3380 restituere
421 3307 478 3377 illi
496 3307 677 3380 honorem
695 3307 883 3396 ablatum,
901 3308 1044 3392 veniam
1062 3304 1164 3376 abeo
1179 3311 1315 3401 peten-

213 3401 279 3488 do,
303 3420 368 3478 aut
392 3405 697 3479 aliis-reverentiae
718 3407 832 3503 signis
848 3413 864 3489 ;“
878 3400 1083 3476 dummodo
1109 3401 1317 3500 prudenter

209 3527 287 3576 nun
314 3517 584 3602 praesumatur,
605 3504 751 3601 injuriis
784 3503 958 3577 affectum
982 3516 1103 3575 totum
1131 3500 1315 3586 remisisse

210 3602 317 3697 (nib.
334 3601 355 3674 3
371 3628 411 3676 ιι.
426 3606 511 3702 984.
527 3607 563 3696 )ι
581 3617 643 3676 aut
655 3603 757 3702 quod
769 3601 886 3675 abilla
902 3599 1052 3698 publica
1067 3600 1316 3674 satisfactione

211 3715 379 3787 recuset,
400 3701 558 3798 neapud
573 3727 611 3775 se
630 3702 771 3791 rubor,
791 3716 828 3774 et
837 3700 943 3798 apud
957 3700 1048 3774 alios
1066 3702 1245 3773 memoria
1256 3701 1321 3770 in-¹

211 3802 319 3897 juriae
333 3809 492 3899 ac'ceptae
508 3803 754 3874 renoventur:
771 3800 914 3872 autnisi
928 3798 1080 3880 timetur
1095 3856 1103 3880 ,
1118 3825 1164 3870 ne
1180 3797 1245 3869 illo
1261 3823 1319 3868 sa·

210 3893 428 3972 tisfactionis
451 3913 535 3972 actu
552 3901 689 3976 iterum
711 3899 842 3972 odium
855 3899 1069 3993 excitetur(
1083 3899 1196 3971 Num.
1211 3897 1319 3991 988.)

211 3993 249 4069 si
268 4013 389 4072 autem
408 4000 540 4093 injuria
558 3998 626 4070 fnit
645 4014 786 4094 secreta
801 4055 809 4085 ,
825 3998 936 4069 etiam
953 3995 1090 4069 secrete
1102 4008 1319 4068 teneturre·

212 4098 315 4174 niam
335 4100 539 4198 postutare,
557 4097 769 4173 secundum
797 4111 921 4175 teram
940 4095 1190 4196 sententiam(
1205 4090 1320 4169 Num.
