2942 4717
402 299 483 391 §11-
505 251 598 372 css
614 299 736 371 usus
753 299 919 371 oacrum.
1096 373 1100 386 ,
1168 303 1212 374 ss

133 413 285 491 debitam
301 413 483 516 persolvet
494 413 754 513 poenitentiam
772 414 826 487 sic
844 413 882 487 S.
894 407 1211 516 Archiepiscopus

131 515 321 594 concludit:
327 515 426 587 Tune
433 514 752 613 quunmmerimque
759 511 950 611 deliquere,
960 539 1031 585 nou
1042 513 1214 588 debetur·-

130 614 210 692 mitt
222 613 302 688 εἰπε
320 612 543 687 absolutione
558 666 568 697 ‚
586 634 631 684 ne
645 609 818 704 desperet.
835 610 930 688 Cum
944 610 1105 690 sufficiat
1120 629 1211 689 tunc

129 711 244 810 (idem
258 712 338 806 ait)
349 712 541 811 imponere
550 709 765 809 generalem
779 708 1060 808 poenitentiam,
1074 738 1159 787 uem
1188 711 1211 787 ὲ

131 825 262 899 totum,
287 809 392 909 quod
417 808 509 883 boni
536 809 674 908 egerit,
699 805 916 908 usurpando
943 807 1072 884 eadem
1098 741 1211 886 vecla

136 908 269 987 Ritualis
288 938 298 981 ε
322 908 502 1010 Quidquid
513 907 600 981 boni
610 905 724 1006 egeris
738 924 806 980 ete.
822 931 907 1007 quae
926 930 1039 1007 opera
1056 910 1213 1010 injunc-

137 1010 209 1080 tain
221 1009 461 1083 sacramento
475 1019 518 1081 ut
535 1005 646 1081 docet
663 1003 862 1105 Angelicus
876 1012 891 1100 (
904 1005 1084 1099 Quodlib.
1101 1010 1123 1084 3
1142 1025 1211 1083 art.

129 1107 207 1204 28.)
222 1107 359 1184 virtute
375 1104 543 1206 ejusdem
558 1106 800 1190 sacramenti,
817 1108 966 1205 majoris
981 1121 1091 1184 erunt
1105 1106 1211 1181 valo-

125 1206 171 1278 ris
189 1203 236 1279 ad
251 1203 556 1284 satisfaciendum
576 1231 644 1305 pro
664 1203 835 1304 peccatis.
853 1203 945 1278 Item
960 1204 1105 1280 addunt
1121 1234 1211 1306 pro-

124 1300 292 1379 babiliter
305 1299 481 1380 Doctores
498 1300 606 1378 multi
617 1304 634 1403 (
647 1302 730 1379 Lib.
743 1304 817 1379 6o.
837 1302 908 1378 510
925 1328 960 1402 v,
982 1303 1116 1403 idem)
1133 1311 1213 1380 'us-

126 1414 195 1475 tam
209 1428 291 1479 esse
307 1429 456 1479 causam
473 1399 709 1478 diminuendi
724 1401 981 1501 poeniteutiem
995 1456 1006 1490 ‚
1022 1403 1052 1477 si
1070 1333 1212 1506 jolico·

124 1512 183 1574 tor
195 1503 387 1602 poeniteas·
397 1501 470 1577 hoc
485 1500 597 1576 modo
610 1501 725 1600 magis
740 1499 841 1575 attici
857 1499 905 1573 ad
921 1501 1210 1580 Sacramentum.
1225 1575 1228 1582 ,

121 1599 179 1671 Oh
195 1604 329 1699 quanti
339 1600 435 1688 valet
448 1600 593 1702 sapiens
608 1598 707 1674 illud
723 1598 922 1674 consilium
938 1601 976 1674 S.
992 1599 1149 1676 Thomoe
1164 1601 1212 1684 de

120 1695 317 1775 villanova
335 1703 351 1800 (
374 1700 489 1775 Serra.
505 1698 614 1775 sent
631 1710 715 1800 post
735 1697 846 1776 Dom.
869 1699 1007 1773 Laetare
1021 1702 1037 1797 )
1052 1701 1212 1775 Facilem

119 1821 228 1870 unum
251 1798 472 1899 injunxeris,
493 1796 661 1872 aeriorem
683 1797 911 1872 consulueris.
932 1795 1094 1898 Expedit
1118 1825 1213 1900 quo·

121 1920 218 1994 que,
232 1913 275 1973 ut
288 1898 471 1998 poeniteos
489 1909 685 1997 cognoscat
696 1894 982 2068 proruentium,
1001 1923 1113 2012 quam
1128 1922 1211 1972 me·

117 2010 285 2088 seretur3
302 2001 497 2099 propterei
515 2008 635 2097 potest
650 2021 694 2069 va
712 1992 760 2070 de
776 1992 973 2091 prodesse,
991 2021 1021 2070 ει
1043 1995 1214 2086 indicen-

120 2106 180 2164 tur
192 2096 418 2193 poenitentiae
429 2095 626 2171 Canooum
640 2090 982 2187 Poenitentiolium(
1001 2121 1159 2196 quarum
1170 2098 1213 2173 in

116 2190 229 2267 Libro
244 2193 484 2288 notabiliores
497 2206 735 2270 annotantur.
752 2197 767 2280 (
787 2218 826 2263 ιι.
845 2191 929 2268 530.
946 2194 962 2291 )
981 2192 1130 2270 iuvabit
1146 2222 1212 2297 pa·

118 2291 209 2365 riter
234 2296 251 2388 (
278 2307 320 2368 ot
342 2292 434 2370 dicit
459 2293 496 2369 S.
525 2292 661 2368 Thom.
683 2289 731 2366 de
751 2287 894 2365 vittas.
915 2290 934 2389 )
956 2290 1111 2368 suadere
1130 2322 1211 2396 gra·

118 2387 281 2483 riorem3
297 2397 421 2493 postet
441 2389 529 2468 verit
544 2390 593 2466 im
623 2415 735 2466 onere
754 2414 858 2476 eam.
878 2414 991 2491 quum
1010 2391 1213 2490 prudenter

117 2488 302 2585 judicabit
313 2494 332 2565 t
345 2490 549 2590 poenitente
563 2419 853 2590 uiimpleudem.
870 2488 1083 2565 insinuatS.
1098 2491 1213 2566 Fran·

119 2587 239 2663 oiscua
255 2588 414 2676 salesius
428 2591 609 2688 (Instruc.
622 2586 732 2665 cons.
749 2611 783 2661 c.
794 2587 833 2680 8)
846 2598 884 2660 et
897 2585 997 2661 idem
1014 2588 1213 2665 confirmat

118 2685 878 2787 RitualeParisiensefflb.6u.5090irct
895 2684 1022 2780 finem)
1064 2686 1212 2762 rodense
1254 2769 1256 2776 ,

119 2783 263 2862 ideirco
282 2788 525 2888 poeniteniam
546 2788 768 2886 interrogare
783 2839 793 2872 .
809 2783 842 2858 ai
858 2782 929 2858 sibi
945 2783 994 2858 ad
1010 2710 1114 2860 illam
1132 2811 1213 2888 poe·

120 2885 311 2960 nitentiam
340 2886 563 2960 sufficientes
592 2886 665 2962 siut
697 2883 814 2968 vires,
851 2882 1019 3057 aliopuin
1040 2882 1079 2959 in
1099 2885 1212 2965 aliam

121 2983 421 3059 commutabitur.
439 2983 591 3060 iuvabit
602 3009 752 3087 quoque
766 2975 920 3083 aliquan
949 2980 1106 3074 i‚ioter
1122 3009 1211 3084 ope·

122 3106 162 3155 ra
182 3083 421 3161 satisfactoria
444 3084 613 3183 injuncto
637 3086 830 3183 imponere
850 3080 898 3154 ali
929 3108 1013 3156 uam
1042 3083 1212 3159 satisfec-

120 3180 262 3256 tionem
289 3208 456 3284 graaem,
478 3181 543 3257 sed
565 3208 643 3258 non
665 3179 737 3256 sub
762 3179 860 3278 gravi
873 3108 983 3282 ctllpa
999 3181 1149 3275 (Libo
1170 3211 1214 3260 n.

123 3278 206 3356 518.
220 3281 320 3358 Dob.
336 3282 386 3380 3)
405 3297 469 3358 aut
486 3282 588 3357 aliud
603 3307 697 3381 opus
710 3277 862 3355 aliunde
877 3296 1128 3381 preceptum,
1149 3297 1214 3359 out

120 3375 315 3474 debitum(
328 3407 395 3458 nu.
412 3381 484 3457 513
498 3380 597 3456 Dob.
613 3382 678 3474 5.)

175 3504 234 3554 ια.
248 3482 304 3554 Ex
317 3478 403 3566 hoc,
420 3478 521 3579 quod
535 3479 678 3554 dietum
695 3489 762 3566 est,
778 3479 976 3579 colligitur,
990 3475 1214 3579 impruden·-

124 3579 339 3679 tersoperuri
354 3578 538 3680 quosdam
557 3577 830 3667 confessarios,
856 3579 922 3680 qui
943 3577 1212 3680 poenitentibus

123 3671 323 3777 imponunt
341 3677 606 3754 satisfactiones
627 3704 756 3752 eorum
773 3677 913 3754 viribus
930 3676 1099 3777 impares.
1112 3677 1215 3767 Quot

124 3770 279 3850 istorum
294 3799 370 3852 non
388 3775 559 3852 dubitant
577 3776 764 3851 absolvere
777 3775 956 3853 recidiros
974 3772 1210 3874 indispositos

125 3887 161 3947 et
174 3901 236 3949 eos
251 3877 407 3975 pariter,
423 3877 541 3976 quiin
558 3877 724 3978 proxima
735 3881 933 3951 occasione
946 3872 1126 3975 peccandi
1138 3902 1213 3949 ver·

108 3983 275 4064 ‚canton
295 3989 333 4048 et
354 3977 570 4076 insipienter
593 3990 746 4075 putant,
765 4001 805 4051 se
827 4000 887 4049 eos
910 3987 1211 4071 recuperaturus,

125 4069 339 4173 agraribus
362 4074 625 4177 poeniteutiist
646 4079 694 4156 ae'
707 4088 876 4154 oneratos
898 4072 1091 4152 dimittunt
1096 4130 1107 4179 3
1125 4071 1214 4150 licet
