2942 4717
315 321 393 408 Cap.
412 316 470 386 111.
487 314 538 384 De
553 312 720 411 ordinibus
736 302 772 384 in
787 310 905 410 speeie.
1080 322 1148 404 ml

78 423 383 512 extraordinarias,
410 434 464 504 uti
481 447 586 519 sunt,
615 431 754 521 Gloria,
778 424 910 516 Credo,
934 425 1147 528 Sequentris,

83 521 237 611 Tractus,
254 530 439 638 propriam
453 528 726 629 praefationem,
739 542 802 602 aut
815 526 1123 600 Commum'oontes
1135 525 1161 612 ,‘

82 636 114 692 et
127 622 230 694 Hanc
246 626 349 722 tgt’trtr
372 631 545 726 propria3
571 631 624 702 itiw
639 628 886 701 communiter
904 650 1052 712 omnes,
1074 624 1147 698 nisi

82 730 128 792 tot
139 735 255 818 partes
272 726 509 815 omittantur,
528 752 609 825 quae
629 725 742 800 simisl
765 736 921 822 sumpte
946 722 1147 798 notabilem

68 821 330 894 constituerent
348 823 557 914 materiam,
575 840 616 899 ut
631 823 726 896 benit
743 824 936 897 advertunt
951 823 1088 909 Cone,
1109 835 1148 896 et

83 915 260 1085 Wp'pandt,
273 921 456 1020 quidquid
471 922 597 997 dicant
608 924 751 1013 Quarti,
761 936 798 994 et
812 918 982 1020 Pasqual.
997 924 1146 1019 (malop)

92 1046 95 1052 ·
151 1014 328 1089 standum
345 1022 380 1112 4.
406 1020 593 1118 prohiberi
611 1021 739 1094 Missas
751 1020 921 1108 Votiras,
940 1017 997 1091 vel
1013 1017 1057 1089 de
1066 1019 1145 1090 Re·
1156 1051 1203 1107 „0

83 1110 179 1207 qu‘em
206 1114 246 1186 in
264 1116 490 1208 Dominicis,
515 1133 552 1191 et
571 1118 690 1192 Fastis
709 1115 946 1216 duplicibus,
965 1131 1076 1217 atque
1104 1115 1145 1190 in

81 1209 212 1291 Oetaeis
225 1213 482 1312 privilegiatis3
494 1217 564 1290 nisi
578 1242 702 1314 graves
720 1230 874 1313 urgeant
890 1238 1029 1300 causae,
1045 1240 1149 1289 nem·

80 1303 162 1404 pisi
181 1322 307 1407 urgeat
323 1313 473 1411 publica
488 1316 698 1401 necessitas,
710 1316 741 1387 si
754 1316 817 1388 fiat
826 1315 1006 1413 expositio
1015 1311 1073 1385 SS'.
1086 1313 1148 1384 Sa·

81 1408 247 1480 eramenti
264 1434 329 1508 per
340 1414 387 1504 ⁴i⁰
404 1410 526 1495 horas,
538 1412 626 1485 item
641 1410 699 1484 die
713 1411 1026 1510 obituspraesente
1042 1408 1166 1489 eadm,

79 1508 151 1600 vere
166 1518 238 1579 etc.
254 1505 337 1581 haec
353 1524 475 1581 autem
490 1504 729 1606 intelligenda
748 1509 890 1583 tantiam
909 1508 955 1580 de
968 1509 1076 1580 missa
1092 1532 1148 1581 so⁴

77 1599 182 1675 lemni
193 1607 248 1703 (n.
264 1608 630 1698 421);Anautemin
646 1607 825 1706 praedictis
842 1606 957 1680 Fastis
979 1620 1150 1681 vetentur

78 1695 186 1774 Missae
209 1705 337 1777 votiva
365 1706 435 1778 sub
462 1707 560 1804 gravi
584 1705 721 1805 culpa?
738 1705 879 1803 Negant
903 1706 1150 1779 communiter

77 1796 188 1895 Lago,
206 1801 313 1875 Suar.
330 1802 422 1876 Bon.
438 1803 573 1878 Escob.
589 1803 702 1877 Salm.
721 1804 837 1877 Ronc.
862 1817 899 1875 et
918 1800 983 1874 alii
1009 1803 1152 1900 plures.

62 1893 175 1971 beatis
191 1899 279 1973 reri)
299 1902 456 1975 limitent
472 1901 609 1976 Escob.
629 1916 666 1974 et
680 1904 800 1976 lione,
821 1899 851 1973 si
871 1914 961 1974 tunc
980 1912 1151 1973 occurrat

78 1990 200 2069 festum
215 1998 401 2084 solemne,
414 2000 545 2074 satiem
561 2008 712 2100 propter
732 2024 837 2097 grave
855 1998 986 2167 pappuli
999 1997 1152 2071 sc'anda·
1186 2046 1188 2057 ι

45 2178 47 2185 Α
79 2087 160 2165 lum.
179 2095 262 2170 imo
280 2099 319 2170 iu
339 2097 438 2172 festis
455 2098 668 2197 duplicibus
684 2096 868 2174 Missaede
925 2096 1058 2196 equum
1077 2094 1151 2170 dis·

79 2191 174 2269 uicit
190 2195 440 2291 prohibentur
453 2197 607 2270 Decreto
621 2199 718 2271 Sacr.
732 2197 870 2293 Congr.
886 2190 1090 2295 approbato
1102 2193 1151 2271 ab
1246 2192 1250 2201 ⁴

78 2286 171 2365 Alex,
190 2292 282 2379 vlt,
295 2295 340 2390 ¹in
360 2292 528 2394 pluribus
547 2309 667 2368 autem
684 2295 830 2369 casibus
847 2292 987 2367 cantari
1001 2306 1154 2392 possunt

80 2382 186 2460 Missas
213 2390 476 2466 defunctorum
504 2393 543 2467 in
562 2391 779 2494 duplicibus
796 2392 905 2464 etiim
923 2390 1151 2485 majoribus,

81 2485 211 2562 scilicet
234 2516 264 2561 ι.
281 2488 341 2564 die
356 2490 477 2565 obitis
497 2506 673 2590 praesente
691 2490 890 2575 cidares-03
907 2501 943 2561 et
958 2486 1030 2560 hoc
1042 2489 1154 2561 etism
1287 2516 1291 2525 ·

82 2580 347 2672 inDominica,
366 2587 425 2663 vel
450 2592 491 2662 in
512 2589 594 2664 aliis
616 2586 922 2670 solemnioribus,
941 2582 1063 2657 modo·
1075 2604 1154 2658 non

82 2670 146 2753 sint
168 2712 198 2759 ι.
221 2682 371 2762 Classis.
391 2713 425 2759 2.
442 2684 722 2786 Cumprimirm
748 2684 871 2759 babiti
892 2683 1003 2756 luerit
1024 2685 1155 2757 notitia

81 2777 191 2855 obitus
207 2782 378 2883 alicujus.
395 2784 430 2860 3.
453 2785 497 2858 In
516 2787 771 2881 Aunirersario
787 2783 917 2857 relicto
935 2780 1153 2857 amictura.

82 2872 162 2951 Item
178 2881 241 2955 die
257 2883 382 2971 tertio,
403 2885 560 2981 septimo
583 2898 620 2957 et
637 2883 822 2982 trigesimo
839 2884 897 2953 rsi
913 2880 1003 2952 vero
1020 2879 1059 2952 hi
1076 2878 1156 2952 dies
1203 2960 1211 2976 ⁴

43 3043 47 3052 .
83 2972 240 3053 incidant
267 2981 307 3053 in
332 2983 483 3056 Festum
511 2981 559 3055 de
585 2993 795 3081 praecepto,
824 2976 1158 3055 transformaris

84 3071 172 3150 diem
193 3093 436 3177 sequentem,
460 3079 520 3154 rel
545 3081 796 3178 anticipentur
814 3076 885 3150 sub
909 3076 1053 3150 eodem*
1066 3077 1157 3150 ritui

84 3174 114 3262 l.
130 3173 170 3247 In
187 3179 299 3250 Festo
315 3177 457 3277 duplici
474 3178 564 3252 min.
576 3180 606 3251 si
616 3192 762 3277 petatur
776 3174 1076 3249 Annirerssrium
1114 3194 1158 3247 ro

86 3269 200 3370 aliquo
212 3273 407 3363 defuncto,
423 3290 543 3378 potest
556 3277 695 3352 cantari
710 3277 831 3351 Missa.
847 3272 902 3344 Ita
920 3296 964 3347 ex
985 3201 1159 3387 plurilus

84 3366 182 3446 Decr.
202 3374 300 3446 Sacr.
318 3376 451 3474 Gongr.
467 3374 538 3450 liit.
551 3372 662 3469 (Vide
675 3400 715 3448 n.
730 3374 833 3467 iao.)
844 3372 1017 3468 Exceptis
1034 3384 1159 3447 autem.

86 3463 176 3542 iestis
195 3470 429 3570 duplicibus,
444 3471 600 3572 aliisque
613 3486 658 3545 ut
679 3475 811 3571 snpra,
826 3467 873 3542 de
895 3467 1014 3544 Missis
1031 3470 1159 3541 votivis

86 3565 132 3637 sic
150 3566 315 3666 loquitur
336 3571 492 3645 Robrica
509 3599 520 3645 ε
539 3570 665 3643 Missoe
686 3568 805 3642 votivo!
824 3568 860 3637 in
877 3565 1006 3638 Missis
1015 3563 1159 3659 privam

85 3663 308 3762 tlt'cipossunt
314 3694 382 3763 pro
395 3669 536 3742 arbium
549 3665 786 3747 Sacerdotem.
800 3664 870 3738 Sed
884 3662 1019 3738 deinde
1034 3663 1162 3736 statim

87 3760 263 3838 advertit:
283 3765 333 3837 Id
350 3770 428 3840 rero
441 3766 578 3862 possim
605 3791 677 3838 non
702 3766 783 3851 riot,
806 3762 878 3837 nisi
899 3760 1101 3836 rationabili
1115 3761 1161 3830 ds

87 3882 209 3951 causa,
225 3868 334 3960 prout
345 3880 447 3938 esset
465 3860 626 3963 specialis
639 3862 778 3938 devotio
793 3860 1010 3950 Sacerdotis,
1029 3859 1162 3951 rclpe-

87 3955 155 4031 titio
173 3961 217 4032 de
235 3964 346 4035 sotira
362 3962 480 4035 dantis
499 3962 770 4055 eleemosynam.
785 3962 1020 4056 Quapropter
1033 3954 1160 4029 dicens

88 4056 236 4132 votivam
252 4075 389 4159 praeter
405 4058 471 4133 bas
493 4082 636 4146 causas,
654 4060 712 4133 rix
734 4055 966 4135 excusabitur
987 4061 1007 4128 a
1029 4053 1162 4128 veniali
1211 4113 1219 4123 .

68 4254 70 4258 .
88 4151 139 4250 (u.
151 4157 250 4259 419)
263 4158 447 4251 Caeteriun
463 4173 608 4235 umus
622 4157 800 4270 Sacerdos
818 4156 944 4234 liliisne
958 4153 1166 4232 rstirasce·
1213 4136 1220 4147 ⁴
