2942 4717
258 306 327 382 318
452 302 779 405 Epitomelloctrine
794 302 926 401 Moralit
946 300 1163 407 etdaironjcae
1213 309 1216 315 ’
1430 316 1432 393 l

172 439 183 460 ⁸
256 421 335 509 bus,
348 437 380 488 et
387 418 603 490 Gr'adnalibas
617 420 768 491 delinivit
782 422 817 490 S.
831 414 969 512 Pius'v,
984 422 1020 490 in
1035 446 1091 491 sun
1105 430 1212 492 Const.
1223 411 1330 498 ixit.

258 507 654 598 lns1.Eccles.107n.9.
825 544 827 549 ⁴
1146 546 1148 551 ·
1215 536 1217 541 ¹
1356 580 1359 590 ,

301 588 397 661 lllissa
413 593 658 682 Conventualis,
675 617 869 697 quamquam
884 616 951 663 non
967 597 1078 662 veniat
1095 597 1224 673 nomine
1235 597 1334 664 llore-
1355 594 1358 599 ’

258 704 330 751 rum
347 683 596 767 canonicarum,
613 699 704 748 vemt
719 698 824 747 tamen
839 682 970 747 nomine
985 682 1090 747 divini
1108 681 1213 749 Officii
1223 708 1233 770 3
1245 705 1335 774 quare

257 769 285 835 si
300 765 554 854 cathedralis,et
569 767 814 857 Collegiatarnm
833 769 985 834 Canonici
1006 784 1156 837 tenentur
1180 770 1220 835 ad
1243 773 1335 861 quoti·

257 854 391 920 dianum
414 853 553 921 officiunt
579 855 749 940 divinum,
768 871 918 921 tenentur
939 856 1035 921 etiem
1057 856 1099 921 ad
1123 856 1332 948 quotidianum

259 938 504 1025 celebrationem
519 942 660 1032 ejusdem
677 942 795 1009 Missa.
814 940 896 1006 ibid.
914 963 949 1007 n.
968 954 1022 1006 11.

299 1026 541 1093 Immemorialis
559 1028 757 1095 consuetudo
773 1049 840 1093 non
857 1043 986 1094 excusat
994 1029 1171 1095 Canonicos
1179 1027 1336 1108 Catbedrt·

255 1109 359 1199 lium,
379 1131 410 1180 et
430 1112 677 1202 collegiatarum¹
700 1114 876 1199 insignium
891 1116 910 1179 b
926 1114 1097 1181 residentia
1107 1139 1119 1202 3
1137 1115 1220 1205 beni
1239 1131 1335 1182 tamen

254 1201 292 1265 in
315 1197 496 1287 collegiatis
518 1222 584 1267 non
607 1199 809 1289 insignibus,
827 1216 859 1267 et
879 1198 1059 1286 ruralibus,
1075 1202 1108 1267 in
1126 1201 1244 1293 quibus
1265 1202 1339 1268 adeo

256 1301 368 1354 tenues
387 1304 460 1353 sunt
480 1289 617 1373 reditus,
633 1301 672 1353 ut
686 1287 839 1353 Canonici
854 1285 985 1354 aliunde
1001 1309 1066 1352 non
1082 1286 1237 1355 babentes
1258 1288 1338 1354 uude
1358 1304 1361 1307 ’

256 1373 389 1449 vivant,
400 1397 465 1439 non
475 1373 626 1442 babeant.
640 1374 746 1440 Instit.
761 1369 881 1440 Eccles.
896 1395 954 1462 107
969 1395 1004 1438 n.
1022 1393 1041 1438 a
1057 1396 1097 1439 ex
1110 1374 1249 1441 Decreto
1264 1374 1296 1442 S.
1305 1377 1337 1441 G.

300 1459 482 1527 Absentiab
499 1455 604 1526 Clioro
619 1482 678 1550 per
695 1477 759 1526 tres
776 1482 898 1527 menses
913 1482 978 1526 non
992 1458 1185 1547 intelligitur
1195 1462 1339 1552 permissa

256 1547 275 1610 b
299 1546 447 1613 Trident.
472 1548 497 1612 si
524 1544 673 1612 Ecclesiae
697 1548 947 1613 Constitutiones
970 1547 1136 1613 servitium
1155 1550 1255 1615 totins
1269 1546 1340 1614 anni

255 1629 374 1724 absque
390 1631 456 1700 ulla
473 1633 707 1699 intermissione
724 1633 908 1727 requirant,
919 1648 956 1699 ut
968 1630 1163 1723 explicatum
1179 1651 1227 1703 est
1244 1639 1276 1703 in
1286 1635 1343 1701 De·

256 1736 343 1787 creto
358 1718 392 1785 S.
406 1725 441 1784 C.
459 1723 538 1785 lust.
557 1717 646 1785 Eccl.
667 1742 725 1806 107
746 1741 780 1784 n.
801 1719 855 1785 51.
875 1713 948 1804 Qua
973 1720 1008 1783 in
1028 1742 1063 1785 re
1082 1718 1171 1785 nulla
1186 1722 1341 1788 contraria

256 1806 454 1872 consuetudo
470 1809 566 1874 etiirm
582 1802 843 1872 immemorabilis
859 1807 1055 1893 admittitur,
1073 1822 1113 1872 ut
1121 1809 1247 1877 censuit
1262 1808 1339 1880 5.·0.

253 1891 290 1958 in
306 1914 364 1959 suo
383 1893 531 1973 Decreto.
555 1891 636 1958 ibid.
1147 1916 1150 1919 ·
1236 1936 1238 1945 ·

300 1980 351 2046 Ad
361 1982 560 2045 vacationem
570 1981 667 2046 trium
677 1978 835 2045 mensium
846 1999 1025 2044 concessam
1040 1979 1059 2043 a
1072 1976 1270 2047 Tridentino
1280 2003 1342 2048 non

250 2066 429 2156 ,requiritur
443 2067 574 2133 licentio
586 2065 755 2166 Episcopi,
770 2066 795 2131 si
810 2081 917 2131 tamen
934 2066 1018 2130 intrb
1034 2066 1207 2132 Dioecesim
1225 2068 1344 2135 «tonsis⁴

254 2167 345 2237 tant3
357 2155 531 2243 requiritur
538 2168 645 2219 autem
654 2153 811 2236 vicissim,
828 2151 855 2216 si
872 2173 904 2218 se
920 2152 963 2217 rb
971 2147 1028 2216 illa
1043 2151 1213 2220 absentent
1219 2178 1230 2240 3
1246 2157 1342 2244 petita

252 2252 361 2391 ibide„
371 2261 445 2392 mgr}3
448 2239 542 2307 debet
554 2237 595 2305 ab
604 2239 766 2331 Episcopo
778 2239 910 2326 negari,
921 2240 965 2305 iu
981 2248 1021 2305 ex
1033 2237 1218 2307 DecretoS.
1229 2245 1340 2328 Congr.

246 2384 251 2399 ,
289 2347 386 2391 1.n.
448 2370 457 2392 .
625 2348 633 2359 ·
1035 2340 1039 2361 ·
1202 2376 1205 2383 .

264 2460 268 2465 .
297 2408 449 2478 Canonici
468 2413 581 2500 vigore
596 2411 762 2480 trimestris
779 2412 798 2475 b
817 2412 924 2479 Cone..
932 2410 1025 2477 Trid.
1042 2410 1102 2476 sibi
1119 2413 1263 2479 concessi
1280 2433 1342 2480 non

279 2514 387 2565 ossunt
401 2496 498 2565 simul
509 2499 641 2579 abessen
654 2497 760 2577 Choro
772 2494 857 2577 ultra
873 2499 1000 2573 tertium
1015 2515 1142 2587 partem
1155 2521 1244 2586 uno,
1258 2512 1290 2565 et
1298 2521 1345 2567 eo·

253 2518 328 2649 dem
340 2599 499 2676 tempore,
510 2608 570 2652 nec
582 2587 784 2650 vacationem
795 2580 881 2649 banc
891 2582 1036 2650 obtinere
1050 2599 1187 2738 Yossunt
1201 2600 1343 2676 tempore

253 2668 527 2760 Quadregesimae,
546 2688 577 2738 et
600 2673 789 2759 Adventus,
808 2672 898 2737 etin
915 2671 1002 2738 lestis
1021 2694 1056 2737 so
1071 2669 1283 2740 emnioribns.
1297 2673 1344 2759 ltb¹

253 2779 293 2827 ex
308 2754 445 2825 Decreto
461 2758 494 2823 S.
512 2763 670 2910 Conffireg.
688 2756 770 2823 ibid.
784 2778 823 2823 n.v
835 2755 889 2823 34.

295 2840 358 2911 l’ro
380 2843 563 2911 absentibus
609 2843 773 2929 abentur,
787 2845 843 2934 qui
863 2841 977 2911 absunt
992 2842 1033 2909 ab
1049 2841 1199 2910 Ecclesiae
1214 2845 1342 2912 servitio

201 2938 204 2941 ’
252 2945 302 2998 tot
324 2929 467 3015 vicibus,
484 2946 521 2997 ut
542 2932 726 3022 praescripta
750 2932 912 3022 quantitas
937 2932 1035 2995 trium
1053 2932 1215 2997 mensium
1237 2950 1342 2998 annno

250 3016 356 3107 spatio
371 3034 549 3118 superetur.
568 3021 613 3084 ltlr
631 3039 671 3084 ex
686 3019 783 3084 Decr.
801 3014 836 3083 S.
858 3020 892 3083 C.
912 3014 958 3082 ib.
979 3038 1014 3084 n.
1030 3016 1085 3083 32.
1101 3017 1188 3082 Hinc
1205 3015 1242 3084 S.
1260 3022 1341 3084 Con-

251 3105 396 3197 gregntio
411 3128 444 3169 m
462 3103 532 3172 aliis
549 3104 695 3172 decretis.
708 3103 834 3169 ibidn.
844 3101 885 3169 55
914 3098 1021 3173 relatis
1036 3103 1157 3171 decidit
1171 3101 1250 3195 plus
1273 3125 1343 3170 uam

246 3191 440 3257 trimestrem
458 3187 586 3276 valere,
612 3207 649 3258 ut
669 3204 894 3257 censeantura
933 3200 1032 3254 entes.
1058 3189 1126 3256 Nec
1148 3212 1190 3291 ap
1217 3128 1343 3279 robaria

250 3276 361 3342 eadem
386 3277 420 3345 S.
438 3279 648 3365 Congregatio
674 3274 769 3364 illos,
794 3276 849 3367 qni
880 3272 1044 3341 calculum*
1063 3275 1180 3343 confici
1225 3292 1284 3347 ant
1305 3272 1343 3342 eb

248 3358 935 3440 borninhoram,etnonbdieindiem.
955 3360 1037 3428 ibid.
1111 3448 1114 3449 ⁷
1280 3372 1283 3383 '
1416 3434 1420 3443 ,

293 3447 478 3517 Absentesl
499 3452 631 3519 servitio
646 3464 791 3551 tempore
807 3448 984 3517 vacationis
1003 3470 1069 3514 uon
1084 3444 1257 3519 lucrantur
1272 3447 1338 3517 du-

246 3533 438 3604 tributiones
449 3537 673 3628 quotidianus,
691 3537 753 3602 msi
771 3535 1001 3624 concessaerint
1016 3531 1097 3622 illis,
1115 3532 1341 3603 consummo-

247 3624 342 3695 nibus
359 3628 553 3695 confirmatis
571 3628 589 3690 b
606 3625 663 3692 SS.
683 3620 893 3690 Pontificibus
910 3621 987 3689 ante
1001 3626 1100 3688 Conci
1117 3620 1212 3690 Trid.
1234 3625 1283 3690 tu
1299 3641 1341 3703 en

246 3713 385 3783 Decreto
397 3715 431 3782 S.
448 3712 723 3801 Congregationis.
743 3708 825 3776 ibid.
1127 3708 1134 3775 j
1177 3724 1185 3731 “

288 3804 439 3869 Canonici
483 3802 517 3866 ui
538 3797 700 3865 abfuerint
721 3794 805 3863 ultrla
828 3795 991 3861 trimestre
1008 3814 1075 3868 non
1099 3792 1338 3885 sunt‘citandi,

245 3905 282 3956 ut
297 3889 429 3955 veniant
446 3824 486 3953 ad
503 3885 669 3955 servitium
684 3879 849 3969 Ecclesiae,
864 3902 928 3984 qua
943 3880 1028 3954 inre
1039 3874 1235 3953 ¹differuntb
1255 3900 1339 3949 curas

243 3977 286 4042 tis
300 3997 366 4043 non
382 3971 615 4059 residentibus,
636 3971 690 4062 qui
700 3992 749 4039 ex
764 3966 901 4035 Concilri
917 3968 1103 4067 p'r'aescripto
1121 3967 1270 4054 citandi,
1290 3958 1338 4031 vel

243 4060 438 4127 edmonendi
463 4076 556 4137 sunt,
581 4071 753 4123 utcontra
780 4052 851 4121 illos
875 4054 1079 4147 procedatur.
1096 4052 1249 4123 Vocandi
1265 4064 1339 4151 sunt
1369 4138 1373 4149 .

243 4148 344 4232 igitur
358 4147 533 4232 Canonici,
547 4161 587 4212 'ut
603 4143 764 4215 deducant
774 4164 900 4221 causam
914 4162 1047 4215 curnon
1061 4136 1198 4207 debeant
1236 4140 1338 4211 rivart

242 4232 431 4319 medietate,
447 4234 515 4298 sire
531 4228 679 4298 omnibus
694 4226 1198 4322 fructibusjuxtbptaescriptum‘
1228 4269 1244 4295 .
1259 4229 1335 4293 llon·

232 4315 321 4408 ollii.
340 4319 386 4388 lta
403 4342 443 4389 ex
457 4316 643 4426 DecretoS.
663 4321 698 4385 C.
716 4316 798 4387 ibid.
817 4338 852 4387 n·
870 4315 926 4405 37·
