2942 4717
315 243 396 330 Cap.
414 237 472 304 111.
491 235 773 308 Deordinibusin
791 241 908 332 specie.
976 304 986 339 r
1082 240 1146 332 2553
1174 282 1186 303 i

85 343 179 416 etilm
193 341 409 435 ministrare,
420 364 568 448 excepta
580 349 850 424 Communione
861 348 1044 438 Pas'elieli,
1060 376 1146 424 nans

86 442 126 514 ad
140 441 200 516 alia
222 446 417 544 requiritur
435 461 592 546 potestas
608 447 881 546 jurisdictionis.
902 449 999 522 Hinc
1018 450 1147 550 nequit

86 539 296 616 sinelicentia
309 544 655 645 Parochihaptizare
668 603 677 634 ,
688 572 809 647 neque
821 550 1031 620 Extremam
1046 549 1148 621 Unc-

85 639 202 711 tionem
216 697 224 727 ,
240 656 302 717 aut
314 641 498 716 Viaticom
518 645 747 733 ministrare,
761 644 829 718 ne‘c
845 645 1078 741 Matrimonio
1092 672 1150 718 as·

85 739 211 823 sineru
231 755 267 812 et
284 741 360 813 sine
382 741 529 815 licentis
553 744 729 842 Episcopi
752 768 919 843 expressa
939 760 1001 818 aut
1016 742 1150 817 saltem

85 853 286 937 presumpta
309 836 354 911 de
370 843 560 939 praesenti,
578 843 706 941 nequit
724 850 822 915 extri
841 867 963 914 casum
985 842 1149 916 necessi-

86 934 149 1007 tatis
161 935 415 1011 'consessiones
439 939 632 1039 excipere,
649 964 717 1011 nec
738 942 846 1013 etiam
868 940 1065 1013 venialium
1083 952 1152 1012 aut

87 1032 274 1106 mortalium
298 1035 405 1134 prius.
425 1037 674 1111 confessorum
700 1063 744 1110 ex
761 1040 865 1111 Decr.
889 1040 1080 1112 Innocent.
1095 1035 1151 1113 itt

84 1132 96 1220 l
109 1153 134 1202 r.
148 1130 170 1200 l.
188 1133 212 1206 6
228 1158 266 1205 u
287 1133 671 1234 543)1quia›dicitur‚
689 1135 729 1207 in
753 1135 845 1209 Trid
880 1137 969 1208 ratio
988 1135 1155 1234 judicii-p·

83 1227 166 1324 quod
177 1242 365 1304 exercetur
379 1234 418 1305 in
436 1229 751 1307 administratione
765 1233 1001 1308 Paenitentia}
1013 1259 1154 1333 expos··

81 1325 140 1410 cit,
155 1342 193 1400 ut
206 1328 412 1424 jurisdictio
424 1356 499 1405 non
513 1345 723 1405 exerceatur
739 1333 809 1403 nisi
825 1333 862 1414 in
878 1328 1063 1423 subditos,
1080 1330 1155 1431 qui
1177 1374 1180 1375 ν

77 1446 132 1519 prr
142 1421 325 1500 licentiam
342 1428 517 1528 Episcopi
533 1428 718 1503 Sacerdoti
734 1426 998 1528 subjiciuntur.

115 1522 275 1598 Diximus
292 1542 412 1599 autem
432 1552 534 1600 nom.
551 1528 596 1602 35
616 1527 718 1628 qnod
731 1525 900 1606 initiandi
914 1527 1146 1626 Presbytera·
1157 1581 1209 1641 ὼ

78 1619 272 1696 tndehcant
285 1623 421 1698 habere
437 1626 625 1698 scientiam
636 1651 764 1708 eorum
777 1625 924 1712 saltim,
943 1650 1024 1727 quae
1040 1649 1145 1698 com·

75 1720 217 1793 munitor
241 1722 396 1797 sciendo
416 1730 503 1797 sunt
525 1723 573 1797 ad
597 1723 849 1821 excipiendam
870 1726 1152 1798 Conlessionem

74 1817 283 1892 moribundi.
293 1823 527 1921 Quapropter
541 1821 649 1895 refert
658 1821 721 1896 lile
731 1837 907 1895 annotare
946 1848 1036 1895 auco
1049 1825 1151 1923 prin-

75 1914 252 2012 cipaliora,
269 1935 305 1991 et
316 1921 409 1993 scitu
427 1926 539 2020 magis
555 1922 768 1995 necessaria.
782 1849 994 2020 Notandirrn
1009 1920 1031 1994 l
1044 1919 1147 2020 quod

74 2009 227 2088 Sacerdos
240 2019 397 2115 simplex
415 2035 575 2118 nequeat
588 2021 775 2109 infirmum
790 2017 976 2093 absolvere
990 2019 1028 2090 in
1048 2042 1147 2117 prae-

74 2114 402 2190 sentinConfessarii
420 2117 633 2217 approbati,
653 2117 1066 2217 exeeptis-sequentibus
1080 2128 1147 2191 c'a-
1204 2172 1216 2199 .

74 2208 184 2284 ribuar
210 2241 239 2286 r.
262 2212 299 2286 Si
317 2217 542 2315 approbatus
565 2231 724 2314 nequeat
742 2217 802 2313 rel
818 2216 913 2291 nolit
934 2216 1143 2289 Confessio·

74 2332 145 2382 nem
170 2316 351 2412 excipere.
379 2340 412 2389 α.
436 2315 472 2386 Si
493 2314 718 2414 approbatus
741 2316 789 2385 sit
809 2314 1150 2388 excommunicatus

72 2406 119 2478 rel
141 2435 349 2509 suspensus.
369 2413 403 2487 3.
427 2413 464 2485 Si
488 2429 581 2486 esset
601 2439 623 2483 o
652 2411 988 2510 probatus-to'ntlrm
1015 2415 1053 2484 in
1074 2411 1152 2488 alia«

73 2504 224 2582 Dioeeesi.
249 2511 285 2603 4.
308 2511 345 2583 Si
364 2510 532 2583 infirmus
555 2514 602 2583 ita
625 2440 790 2584 iosreret
819 2509 875 2582 illi
899 2509 1086 2594 confiteri,
1104 2525 1147 2585 ut

72 2620 150 2677 esset
161 2607 198 2678 in
215 2608 383 2707 periculo
397 2606 614 2683 occultandi
633 2606 792 2706 peccata.
813 2606 846 2681 5.
865 2609 902 2681 si
918 2605 1158 2706 approbatus

70 2708 286 2800 superveniat
300 2722 381 2806 post
395 2707 478 2779 incc
504 2723 579 2780 tam
592 2706 866 2778 Confessionem
885 2705 985 2805 apud
998 2706 1146 2804 simpli-

71 2822 137 2875 cem
150 2803 395 2879 Sacerdotem.
412 2805 449 2879 6.
465 2735 504 2877 di
519 2803 742 2905 approbatus
756 2805 804 2878 sit
819 2803 987 2902 complex
1008 2804 1146 2879 infirmi
1171 2838 1174 2841 ·

71 2896 101 2968 in
115 2919 259 2998 peceato
279 2905 409 3003 turpi(
426 2908 524 3002 juxti
543 2902 638 2976 dieta
657 2902 682 2976 l.
702 2901 727 2976 6
743 2931 781 2978 u.
801 2900 885 2976 563.
900 2903 914 2999 )
929 2901 1145 2980 Notandum
1160 2956 1162 2961 -

70 2995 98 3067 ll
114 3000 233 3097 qood.
255 3003 286 3074 si
307 3002 549 3075 moribundus
580 3001 855 3075 absolutionem·
878 3001 1065 3100 postulat,
1088 2999 1145 3076 vel

70 3094 156 3191 signa
173 3099 234 3171 dat
254 3101 477 3199 poeuitentiae
497 3099 684 3175 Sacerdoti
705 3099 897 3198 presenti,
913 3098 1080 3179 absolute
1096 3103 1144 3173 sit

69 3189 297 3271 absolvendus
313 3223 322 3282 ;
340 3201 369 3272 si
391 3198 475 3271 vero
498 3202 543 3272 sit
558 3197 726 3273 sensibus
753 3198 972 3285 destitutus,
993 3212 1028 3272 et
1051 3195 1161 3273 adsis:

69 3287 146 3365 alter
167 3299 232 3396 qui
254 3309 408 3368 testatur
431 3352 440 3383 ,
467 3299 589 3397 ipsum
615 3295 1111 3412 postullssessonfessarium
1133 3348 1163 3390 ,-

66 3388 116 3460 rel
129 3394 272 3492 signum
288 3394 489 3468 ostendisse
509 3394 671 3479 doloris,
694 3394 786 3469 tuno
804 3395 867 3466 alii
883 3393 1014 3467 dicunt
1034 3399 1147 3470 eriam

68 3485 219 3566 absolute
240 3491 378 3566 absolvi
391 3519 497 3594 posse
512 3517 523 3582 ς
540 3493 606 3565 sed
626 3491 740 3566 tutilrs
757 3516 844 3565 cum
858 3492 937 3566 aliis
958 3493 1146 3580 dicimus,

66 3583 316 3664 absolvendum
330 3591 400 3664 sub
414 3592 637 3679 conditione.
651 3593 702 3664 Et
714 3589 766 3663 sic
781 3588 1046 3663 absolvendum
1060 3615 1143 3664 cen·

64 3707 172 3761 semus
187 3716 272 3762 oum
290 3689 484 3790 pluribus,
503 3690 644 3763 etilmsi
660 3688 902 3761 moribundos
917 3688 1069 3765 nullum·
1081 3689 1145 3762 de·
1162 3736 1165 3745 ι
1260 3782 1263 3789 1

68 3778 150 3856 derit
158 3788 300 3885 signum
313 3787 409 3879 ;irno
423 3790 564 3866 etiamsi
580 3787 689 3861 fuerit
702 3786 899 3861 destitutus
916 3790 1047 3859 inactu
1064 3812 1147 3885 pec·

67 3883 126 3952 eati
140 3884 238 3980 (ride
251 3886 340 3960 dict.
358 3887 382 3958 l.
392 3888 419 3962 6
431 3915 469 3959 u.
482 3890 555 3979 480
570 3888 659 3982 etc.)
672 3885 887 3976 Notandum
902 3884 950 3957 lll
964 3884 1062 3980 quod
1077 3887 1145 3957 Sa·-
1160 3940 1178 3948 »-

67 3979 183 4054 cerdos
203 3983 381 4084 simplex,
407 3984 602 4059 deficiente
627 3984 860 4085 approbato,
882 3985 997 4083 possit
1021 3983 1147 4054 absol*

65 4079 277 4183 mendara
298 4083 524 4184 aquitonis
543 4084 702 4185 peccatis
724 4097 762 4161 et
782 4083 1068 4176 censurispuon
1085 4108 1166 4155 sona
