2942 4717
178 207 308 305 Cspimi.
323 205 367 280 V.
383 205 554 299 Quomodd
570 230 643 279 cnm
658 207 832 280 habitastis
847 223 879 281 et
893 210 1056 281 recidivis.
1084 218 1090 229 ’
1123 231 1174 308 pp·

106 323 129 397 ii
135 382 145 422 ,
158 326 212 425 qui
228 323 308 423 pius
323 326 419 421 josto
434 321 681 414 suntfaciies,
699 325 812 422 quim
830 323 959 424 ii„rqni
974 339 1062 399 sunt
1076 321 1171 400 diffi-.

37 457 38 460 ¹
106 420 232 496 cilesad
245 420 520 494 absolvendum.
540 419 650 496 Multi
672 419 825 521 quidem
841 440 991 523 propter
1013 423 1168 500 nimiam

108 519 289 596 facilitatem
308 520 448 593 suntin
465 543 592 602 causa,
610 519 711 618 quod
730 534 786 594 tot
798 522 942 594 Animae
963 520 1165 620 perdantur

108 621 277 718 (etnegsri
298 643 373 691 non
391 631 534 713 potest,
556 617 658 717 qood
674 618 731 691 isti
747 619 786 692 in
803 621 932 719 majori
948 623 1024 695 sint
1038 644 1169 696 nume·

36 767 37 772 ,
108 742 156 807 ro,
177 733 208 790 et
231 720 351 814 majus
370 715 547 788 damnum
565 714 743 802 afferant,
764 717 855 792 dum
885 718 943 792 isti
973 720 1012 792 in
1036 719 1169 816 majori

109 840 236 889 numero
258 812 442 888 accedunt
461 827 668 913 peccatores
686 813 900 910 habituati)
916 841 927 904 ς
944 815 1012 890 sed
1033 816 1096 890 alii
1117 814 1168 890 ob

36 995 37 998 Ἴ
71 967 79 989 .
111 914 233 992 nimium
248 914 408 1012 rigorem
422 915 532 988 etiam
547 938 679 1012 magno
699 927 789 986 sunt
801 910 937 987 damno
949 914 1169 991 Animarum

36 1055 38 1082 1
117 1010 205 1085 soluti
219 1013 268 1084 Et
288 1013 430 1094 nescio,
443 1037 490 1083 an
508 1010 759 1098 confessarius
784 1010 916 1086 debeat
934 1011 1079 1088 taurim
1096 1013 1169 1092 sibi

113 1111 300 1211 scrupulum
319 1109 493 1209 injicere,
517 1108 669 1209 quendd
689 1107 844 1184 absolvit
863 1110 1117 1212 indispositos,
1130 1127 1170 1188 'et

100 1231 165 1312 ,uon
177 1210 304 1292 etiim,
320 1206 470 1308 quondd
486 1207 680 1307 dispositos
697 1207 1031 1284 sinetbsolurione
1049 1208 1172 1286 dimit·

106 1304 149 1386 tr.
161 1305 348 1388 Concludo
361 1306 440 1395 hic,
453 1319 489 1378 et
503 1304 585 1379 dico
599 1336 608 1376 :
624 1304 709 1381 Non
727 1331 820 1405 nego
831 1362 841 1395 ,
852 1307 955 1406 quod
967 1307 1170 1409 aliquando

104 1406 255 1504 prodesse
276 1405 391 1505 possit
412 1403 581 1478 Recidiro
612 1404 790 1504 disposito
809 1404 936 1480 dilatio
955 1406 1171 1482 Absolutio-

101 1504 158 1579 nis.
180 1506 276 1579 Dico
288 1502 455 1578 secundi>
471 1530 479 1572 ε
498 1528 643 1601 semper
657 1501 840 1603 proderit,
859 1510 961 1604 quod
975 1504 1172 1580 Confessa-

100 1604 162 1676 rins
181 1601 395 1702 hujusmodi
420 1601 608 1676 Recidiros
626 1616 778 1689 terreat,
798 1603 1060 1703 ostendatque,
1081 1631 1121 1678 ac
1139 1603 1172 1680 si

36 1723 38 1732 ’
99 1707 162 1776 non
174 1715 296 1803 posset
315 1724 377 1774 eos
405 1699 603 1774 absolvere.
620 1699 710 1774 Dico
728 1700 835 1774 tertii
853 1729 861 1772 z
886 1700 1081 1778 Ordinarii
1110 1700 1173 1775 lo·

98 1799 257 1902 quendo,
276 1797 443 1882 recidivis
457 1824 500 1872 ex
516 1798 706 1897 fragilitate
727 1799 949 1887 intrinseca,
968 1814 1005 1873 et
1024 1802 1173 1901 persig-

97 1895 177 1977 num
190 1897 519 1974 extraordinarium
533 1903 607 1994 jam
619 1896 820 1999 dispositis,
833 1898 945 1999 magis
961 1897 1173 1973 Absolutio-

36 2019 37 2058 1
97 1998 146 2070 nis
173 1996 395 2071 heneficium
424 1996 616 2095 proderit,
650 2001 761 2096 quim
793 1996 933 2071 dilatio.
954 1998 1105 2074 Utinam
1134 2011 1173 2072 et

36 2113 38 2182 g
96 2095 308 2171 confessarii
340 2094 528 2170 Reciditos
548 2093 779 2174 absolverent
804 2110 885 2169 tum
911 2094 1061 2187 solirm,
1085 2121 1174 2171 corn

98 2196 190 2293 signa
213 2192 501 2268 extraordinario
520 2191 676 2294 efferunt
691 2196 699 2267 !
715 2194 758 2269 Id
775 2193 859 2268 reri
873 2193 1079 2294 lugendum
1096 2209 1173 2286 est;

97 2292 188 2393 qnod
205 2296 346 2392 major,
362 2316 410 2364 ne
425 2291 548 2384 dicem
564 2295 740 2381 maxims,
756 2290 1072 2368 confessariorum
1087 2319 1173 2394 pars

97 2390 344 2482 universaliter
373 2390 560 2465 Recidiros
588 2390 782 2468 obsoleret
810 2389 890 2466 sine
918 2388 1173 2481 distinctione,

36 2571 37 2574 Ἴ
96 2488 166 2564 sind
180 2491 287 2589 signo
299 2487 609 2575 extraordinario,
628 2489 707 2564 sini
733 2489 1007 2577 admonitione,
1030 2505 1068 2563 et
1092 2489 1175 2563 sini

36 2627 38 2708 j
96 2588 210 2689 atiquo
223 2588 356 2663 saltem
374 2586 534 2664 remedio
553 2588 713 2687 prestito
731 2585 779 2661 ad
803 2585 1119 2679 emendationem
1138 2600 1176 2660 et

36 2715 38 2804 p
96 2686 174 2762 hinc
188 2686 276 2762 vere
288 2686 463 2787 procedit,
477 2711 552 2759 non
568 2691 639 2760 ‘sm
656 2683 703 2759 ab
720 2683 944 2760 absolvendo
962 2684 1172 2788 dispositos,

36 2811 38 2884 j
96 2796 145 2861 tot
158 2784 379 2859 Animorum
395 2713 608 2860 unirerssiis
628 2787 818 2899 pernicies.

36 2901 38 2966 t
80 2923 82 2926 ’
139 2890 198 2982 78.
224 2885 307 2958 Hoc
322 2898 463 2970 tamen,
482 2881 584 2999 quod
602 2882 742 2961 drotum
760 2897 838 2973 est,
858 2885 1106 2968 communiter⁸
1122 2881 1175 2958 lo·

36 3001 37 3004 ’
97 2982 241 3085 quondo
261 2981 309 3057 de
328 2980 541 3072 habituatrs,
558 2995 594 3054 et
608 2981 896 3069 recidivis,-non
919 2982 1088 3082 procedit
1100 2988 1177 3081 iam

96 3084 185 3157 circs
204 3079 404 3155 initiandos
417 3080 537 3155 Sacris
558 3080 759 3154 Ordinibus
776 3079 982 3155 habituatos
998 3084 1036 3153 in
1050 3080 1176 3181 aliquo

98 3180 179 3257 vitio
194 3181 422 3281 (praesertim
444 3181 483 3256 in
513 3193 664 3279 peccato
690 3181 818 3279 turpi)
837 3206 846 3249 ε
867 3179 963 3252 circi
983 3179 1054 3254 hoc
1075 3182 1177 3255 enirn

97 3279 163 3352 alia
183 3280 302 3355 currit
333 3279 434 3351 ratio.
465 3279 597 3352 Leicos
628 3275 836 3350 habituatus
865 3277 1004 3351 absolvi
1034 3293 1176 3378 potest,

57 3465 60 3472 Ι
97 3401 236 3475 semper
256 3381 297 3450 ic
314 3392 368 3454 est
384 3375 581 3476 dispositus
594 3375 642 3448 ad
658 3375 934 3477 suscipiendum
960 3378 1178 3451 Socramen·

98 3488 171 3549 tum
191 3476 445 3564 Poenitentiae,
472 3475 535 3552 sed
564 3473 782 3548 Ordinando
809 3473 1013 3560 habituato,
1042 3477 1074 3550 si
1097 3474 1179 3548 vuit

98 3571 170 3672 ipse
183 3574 232 3648 ad
247 3599 396 3658 sacrum
412 3572 609 3648 escendere
621 3573 906 3658 Ordinem‚non
916 3573 1065 3657 sufficit,
1076 3573 1179 3673 qood

96 3671 141 3745 sit
155 3672 355 3771 dispositus
374 3671 419 3744 ed
436 3672 714 3746 Sacramentum
730 3673 972 3754 Poenitentiae.
984 3670 1050 3744 sed
1069 3697 1179 3771 opor·

64 3785 66 3789 “
98 3782 163 3859 tet,
179 3786 221 3844 ut
237 3772 345 3843 etidm
364 3770 419 3844 dis
447 3777 559 3846 esitus
572 3773 620 3844 sit
633 3771 679 3844 ad
693 3770 947 3870 recipiendum
961 3771 1180 3843 Sacramen-

100 3881 175 3942 tum
200 3869 377 3953 Ordinis;
399 3797 563 3968 aiioquin
583 3869 630 3944 nd
658 3883 830 3950 neutrum
857 3867 1054 3964 dispositus
1085 3868 1179 3962 erit;

100 3991 183 4040 cum
215 3969 314 4040 enim
348 3966 397 4040 sit
438 3967 611 4066 indignus
639 3966 685 4040 ad
720 3965 995 4041 ascendendum
1022 3964 1180 4056 Altare,

100 4066 162 4166 qui
189 4067 246 4143 vix
270 4064 491 4166 egrediente
508 4079 604 4144 statu
622 4066 785 4167 peccati,
799 4091 868 4142 nec
885 4063 998 4153 habet
1019 4064 1178 4167 probite-
