2942 4717
426 322 622 418 §ttcnn
638 321 939 397 Medici'Offieiun.
1197 353 1240 422 ις

156 431 300 543 quentia
324 431 672 520 Sacrarnenrorum.
692 456 729 512 et
755 440 786 513 si
813 465 989 539 umquam
1019 441 1057 514 in
1085 439 1241 542 aliquod

107 577 111 588 ·
156 558 342 635 peccatura
371 538 524 612 mortale
542 538 734 614 inciderit.
750 542 872 611 statim
896 537 992 613 iilud
1006 543 1185 616 confiteri.
1203 546 1241 637 4.

155 641 354 712 veritatum
383 656 605 710 oeternarum
635 636 903 728 consideratio,
929 654 966 711 ct
999 665 1074 738 prae
1098 644 1240 718 cereris

154 738 393 811 consideratio
422 738 548 809 mortis
563 763 571 809 ε
589 750 626 807 ct
656 736 819 835 patribus
843 735 999 810 familias
1018 739 1242 816 insinuanda

158 853 202 908 est
228 837 447 935 quotidiana
475 835 645 907 mentalis
676 836 793 908 oratio
812 838 848 907 in
867 838 1055 908 communi
1074 864 1158 911 cum
1182 837 1242 912 sa·

159 935 267 1023 mnia,
284 933 488 1008 aut'soiteni
502 933 692 1006 Rosarium
709 937 781 1005 unt
796 959 880 1006 cunr
896 933 996 1008 fitiis.
1012 934 1049 1009 5.
1065 936 1132 1010 uei
1146 961 1243 1038 prae·

155 1036 281 1118 sentio,
306 1061 395 1106 com
421 1050 521 1129 urget
542 1030 714 1120 tentatio,
734 1030 894 1105 dicendo
911 1059 921 1102 ι
943 1035 1040 1105 Deus
1057 1034 1241 1110 merida.

150 1134 181 1205 6.
198 1132 381 1224 Quolibet
392 1134 531 1232 vesperi
550 1129 812 1204 conscientiam
829 1132 1002 1206 scrutari.
1020 1157 1109 1207 cnm
1126 1133 1243 1208 enimi

149 1228 289 1313 dolore,
306 1247 343 1303 et
363 1233 561 1328 proposito.
580 1252 612 1328 7.
627 1227 888 1310 Scrutaribus,
909 1244 950 1303 ut
964 1230 1074 1306 alicui
1089 1256 1243 1330 congre·

148 1327 494 1423 gationiseadscribi
505 1344 649 1415 curent,
662 1343 697 1398 et
711 1326 970 1403 Sacerdotibus
981 1330 1243 1418 oratiomenta·

145 1426 210 1515 tis,
238 1444 277 1500 et
302 1430 498 1522 gratiarum
528 1430 689 1500 actiones
709 1441 794 1525 post
809 1424 968 1501 Missam.
991 1427 1038 1500 Et
1057 1444 1098 1500 ut
1118 1428 1241 1527 perle-

144 1539 228 1621 gant
243 1526 377 1600 saitem
395 1517 558 1625 oiiqucm
574 1524 748 1599 iibeilum
760 1525 988 1625 spiritualem
1004 1525 1089 1601 ante
1104 1543 1139 1603 et
1158 1544 1244 1627 post

109 1650 113 1654 ·
145 1625 309 1699 Missam.
949 1629 954 1642 '

199 1723 255 1797 ι6.
278 1720 450 1797 Remedia
469 1735 593 1796 autem
609 1719 845 1823 particularis
868 1719 1155 1820 assignabuntur
1171 1750 1240 1826 pro

140 1819 317 1895 vitiorum
335 1823 539 1895 diversitate
552 1846 562 1912 ς
576 1846 606 1894 ι.
624 1847 655 1918 g.
667 1821 745 1907 itti,
762 1823 827 1921 qui
841 1819 967 1921 aliquo
981 1821 1066 1897 odio
1082 1837 1242 1914 tenetur,

142 1921 375 2005 insinuetur,
392 1935 434 1993 ut
455 1917 621 2020 quotidie
637 1919 874 1994 commendet
889 1923 965 1995 Deo
978 1922 1111 2013 iiiam,
1128 1947 1244 2023 quem

141 2018 241 2104 odit,
270 2018 458 2093 recitando
476 2045 543 2116 pro
569 2023 647 2121 ipso
668 2021 875 2092 orationem
892 2019 1160 2094 Dominicaienr
1177 2080 1187 2109 ,
1205 2036 1244 2099 ct

141 2117 406 2191 salutationem
422 2118 660 2215 ΑιιμΙὶοιιιιι,
679 2134 715 2191 et
729 2143 820 2208 curn
832 2144 871 2191 ac
887 2117 1029 2192 turbari
1042 2122 1155 2194 sentit
1170 2145 1245 2197 mc·

140 2221 260 2288 muria
279 2213 424 2313 injuriae
443 2215 513 2288 sibi
541 2215 678 2297 iltotae.
707 2216 969 2291 reminiscatur
993 2218 1244 2293 contumelia·

140 2340 252 2399 rum,
284 2314 421 2415 quibus
446 2315 524 2414 ipse
550 2316 670 2390 Deum
692 2312 829 2388 offecit.
856 2313 938 2400 liti,
981 2317 1016 2389 ui
1033 2316 1071 2388 in
1092 2332 1241 2416 peccata

142 2413 268 2511 turpia
286 2413 479 2515 prolapsus
495 2433 547 2486 cat
565 2470 573 2498 ‚
597 2419 639 2487 ut
653 2416 770 2486 otium
785 2418 888 2492 vitet,
909 2342 1033 2496 meiius,
1043 2416 1183 2507 socios,
1204 2431 1242 2491 et

140 2515 357 2588 occasiones
380 2512 565 2612 aufugiam
587 2528 624 2585 et
638 2508 715 2597 iili,
736 2512 799 2609 qui
820 2510 986 2585 habitum
1004 2538 1157 2611 pravum
1176 2539 1243 2636 per

140 2608 296 2704 longum
317 2627 464 2708 tempus
482 2610 664 2684 construxit
690 2611 726 2681 in
753 2609 946 2695 booririo,
969 2625 1009 2683 ut
1026 2637 1100 2683 nan
1116 2611 1242 2686 solum

137 2707 863 2809 nterproximasoccosiones,sedesium
876 2707 1240 2810 quasdamremotut.

141 2829 226 2907 qnae
243 2810 314 2882 sibi
334 2814 404 2880 tarn
421 2807 534 2881 debiti
549 2806 596 2880 ad
613 2807 856 2884 resistendum
869 2807 973 2881 iactae
985 2825 1096 2881 crunt
1115 2812 1241 2908 proxi·

138 2904 1241 3076 mae.Huicpraecipueimponntunncurntpnamintermittat

140 3005 631 3081 recitareterSalotationem
642 3005 854 3096 angelicam
866 3005 904 3078 in
923 3032 1091 3080 sonorem
1102 3008 1240 3082 Purita·

140 3105 185 3177 tis
195 3107 416 3179 Beatissimae
424 3104 597 3203 Virginis.
611 3099 763 3177 muniet
772 3105 925 3202 vesperi,
937 3103 1242 3204 ιορειειιάοεειιι·

140 3227 208 3302 per
222 3231 345 3276 coram
364 3207 444 3302 ejus
462 3204 624 3301 imagine
640 3202 871 3303 propositum
885 3229 963 3275 non
979 3203 1156 3302 peccandi
1173 3260 1182 3288 ,
1202 3218 1240 3282 ct
1357 3257 1361 3265 ·

139 3301 471 3400 supplicationem,
493 3318 533 3373 ut
551 3300 621 3375 sibi
640 3302 947 3400 perseverantiam
961 3302 1146 3400 impetret.
1162 3303 1241 3377 Po·

141 3400 324 3473 tissimum
345 3415 466 3474 autern
485 3398 737 3474 Co'nfesanrios
754 3414 878 3484 curet,
897 3412 939 3473 ot
953 3398 1168 3500 frequenter
1177 3401 1240 3478 hic

142 3498 413 3590 communicet,
434 3523 521 3572 cum
548 3498 783 3573 Eucharistiae
810 3498 954 3573 dicatur
979 3499 1097 3572 vinum
1108 3501 1241 3598 germi-

140 3619 233 3669 nans
260 3596 422 3695 origines.
448 3595 535 3688 tili,
560 3598 625 3698 qui
640 3596 774 3670 solitos
789 3596 859 3671 fuit
876 3595 1126 3692 blasphemius
1146 3622 1241 3698 pro-

141 3694 258 3786 ferre,
289 3698 528 3786 insinuetur,
554 3712 598 3770 ut
629 3696 775 3782 novies,
801 3693 861 3769 vel
886 3696 1087 3794 quinquies
1112 3692 1242 3792 lingui

142 3796 260 3892 signet
290 3817 441 3896 cruccrn
469 3820 582 3892 super
609 3809 773 3878 terram,
797 3808 835 3869 et
855 3808 897 3867 ut
921 3790 1089 3892 quotidie
1108 3792 1240 3872 saltem

141 3894 251 3967 s'emel
269 3891 368 3966 dicat
387 3894 592 3988 orationem
610 3892 904 3984 Dominicaiem‚
924 3905 963 3964 et
976 3893 1241 3969 salutationem

141 3991 354 4089 Angelrcam
380 3991 621 4066 inhonorem
648 3991 896 4079 Sanctorum,
925 4015 1021 4086 qnos
1050 4003 1239 4068 execratus

143 4089 235 4166 fuit:
261 4105 298 4164 et
322 4107 361 4163 ut
382 4088 550 4190 quolibet
574 4088 703 4179 mont,
720 4089 812 4163 dum
836 4090 855 4162 ὲ
873 4085 990 4162 cubiti
1021 4092 1156 4187 surgit,
1177 4117 1240 4165 rc·

142 4204 251 4266 noret
266 4191 511 4292 propositum·
521 4192 703 4294 patienter
719 4188 863 4263 ferendi
879 4191 1094 4264 ocmianea
1113 4188 1241 4289 iudig-
1328 4265 1345 4300 ἢ
