2942 4717
369 279 479 376 Capit.
495 275 540 350 X.
551 277 579 371 ·§
592 280 621 350 i.
637 278 1064 357 susurrandum.
1193 289 1259 368 add

59 473 62 477 A
166 388 403 487 absolutione
421 399 590 498 sponsis,
610 399 674 497 qui
699 421 826 470 secum
854 415 1138 493 conversantur3
1162 399 1261 479 stete

167 505 205 567 et
225 496 474 591 genitoribus,
494 497 558 596 qui
582 495 620 567 id
639 491 882 594 permittunt:
899 523 1019 599 neque
1042 499 1167 573 eredat
1183 501 1260 575 illis

169 594 446 686 asserentibus,
466 594 614 667 nullum
641 596 760 667 inemo
782 594 952 685 malum;
982 598 1054 671 huc
1078 600 1179 673 enim
1204 614 1261 676 est

167 695 360 766 moraliter
371 691 624 788 impossibile,
644 691 686 764 tn
703 691 813 765 docet
829 694 1063 790 experientia.

214 793 305 880 'ida
329 793 395 868 lx.
411 796 573 890 Deneget
596 814 748 891 quoque
772 789 1042 867 absolutionem
1068 793 1167 888 illis,
1194 795 1262 898 qul

167 888 299 962 volunt
315 890 363 963 ad
389 889 550 989 aliquem
570 888 748 962 Ordinem
775 915 919 964 eaerum
936 887 1150 982 ascendere,
1169 892 1262 973 dum

170 986 293 1061 adhinc
310 1003 398 1062 sunt
412 988 538 1089 aliquo
557 989 683 1061 vitioso
700 985 829 1061 habitu
844 989 988 1062 irretiti.
1005 988 1084 1065 Nisi
1096 993 1261 1083 viderit,

168 1084 414 1187 illosadeptos
427 1114 505 1180 esse
518 1085 719 1182 bonitatem
729 1087 917 1185 positivam
928 1088 976 1163 ad
987 1090 1089 1164 buno
1102 1093 1261 1191 gradum

166 1189 414 1259 necessariam
429 1243 438 1272 ‚
456 1183 498 1259 itt
512 1186 654 1259 dictum
673 1199 729 1258 est
749 1211 786 1258 n.
805 1180 867 1283 79.

216 1285 269 1357 X.
288 1288 449 1359 Caveant
470 1286 595 1358 etiam
626 1298 663 1357 et
686 1282 881 1383 diligenter
909 1299 1083 1377 massot,
1103 1313 1150 1361 ne
1179 1288 1263 1364 dis-

166 1382 350 1457 suadeant
371 1383 533 1484 aliquem
556 1341 867 1457 adolescentem
891 1386 1079 1460 voeatione
1107 1387 1264 1486 religio-

166 1501 210 1554 sa
236 1498 386 1582 propter
410 1483 595 1556 humanos
625 1497 839 1581 respectus;
861 1483 963 1580 qood
991 1488 1156 1559 excusari
1184 1513 1262 1563 „011

166 1587 325 1773 wei?
343 1596 497 1753 peccato
525 1580 693 1663 mortali,
714 1578 756 1651 ist
770 1579 880 1657 docet
894 1580 932 1652 S.
951 1581 1023 1657 Th.
1040 1583 1219 1676 Quodlib.
1236 1585 1260 1660 3

377 1679 402 1752 h
424 1693 515 1779 quot
541 1678 759 1752 confessarii
778 1676 940 1778 imperiti
958 1679 1037 1754 sine
1052 1680 1130 1755 ullo
1155 1710 1260 1758 seru·

166 1776 263 1876 pulo
283 1778 502 1851 abstrahunt
519 1783 667 1874 juvenes
683 1780 702 1849 a
719 1780 909 1850 vocatione
930 1777 978 1851 ad
994 1792 1129 1854 statum
1144 1784 1260 1881 magis

168 1876 395 1975 perlectum,
410 1876 512 1949 nulll
527 1875 598 1948 alit
614 1880 755 1964 ratione
769 1873 872 1949 ducti
884 1930 895 1959 ,
908 1882 1019 1975 quim
1035 1892 1075 1950 ut
1092 1878 1262 1976 placeant

166 1997 300 2048 eorum
318 1976 561 2076 propinquis,
591 1973 812 2064 asserendo,
832 1974 927 2047 filios
945 1978 1060 2078 teneri
1088 1995 1261 2078 praestare

166 2071 415 2148 obedientiam
435 2072 682 2173 genitoribus!
700 2075 844 2147 Docent
857 2073 1104 2149 communiter
1125 2075 1262 2152 Docto«¹

164 2194 227 2246 res
243 2198 328 2248 cum
344 2175 380 2247 S.
397 2173 556 2263 Thomu,
573 2173 610 2245 in
626 2171 806 2246 electione
822 2171 936 2245 statiis
952 2197 1260 2279 unumquemque

166 2269 245 2345 frui
264 2277 328 2345 sod
348 2271 516 2346 libertate
542 2298 552 2342 t
578 2286 614 2345 et
632 2270 746 2367 magis
769 2276 882 2370 quim
905 2271 1130 2369 genitoribus
1177 2303 1261 2349 ras·

25 2422 26 2431 κ
155 2369 318 2444 'undam
332 2397 409 2444 esse
422 2370 668 2444 obedientiam
687 2371 765 2443 Deo
777 2372 932 2441 vocanti.
947 2356 979 2442 E
994 2301 1180 2446 contrarib
1195 2373 1260 2447 ad·

163 2484 283 2541 vertat
295 2469 563 2551 confessarius,
578 2468 680 2567 quod
692 2473 769 2568 ipse
781 2482 940 2567 nequeat
954 2465 1143 2542 absolvere
1150 2496 1260 2571 qnos·

166 2565 255 2640 dam
275 2567 389 2658 alios,
409 2570 472 2669 qui
491 2565 570 2642 sine
588 2571 780 2640 vocatione
805 2564 942 2639 vellent
958 2563 1006 2666 ad
1025 2565 1185 2644 Ordines
1200 2595 1260 2645 sa·

166 2663 251 2740 eros
263 2667 586 2741 ascendere-Vide
597 2664 753 2739 Librum
770 2665 796 2739 6
814 2690 851 2740 n.
866 2665 949 2739 803.

169 2795 173 2799 ·
224 2767 301 2841 183.
321 2767 442 2853 x1.1n
459 2764 686 2868 excipiendis
700 2762 940 2837 sacerdotum
955 2763 1259 2842 Confessionibns

165 2861 377 2939 retenentur
398 2890 438 2938 se
458 2879 557 2964 gerat
576 2887 585 2957 ;
605 2863 671 2936 sed
712 2879 789 2936 erat
807 2887 845 2936 se
865 2863 974 2935 etilnr
993 2861 1135 2937 fortiter
1147 2866 1187 2938 in
1207 2868 1261 2942 lu·¹

166 2964 309 3036 ‘ciendis
324 2963 455 3037 debitis
469 2889 760 3038 correctionibus
776 3013 787 3047 ,
806 2973 843 3034 et
858 2961 897 3033 in
918 2955 1134 3060 deneganda
1152 2964 1262 3042 absos

164 3057 332 3149 lotione,
358 3065 501 3162 quoties
516 3073 669 3162 oportet,
688 3062 738 3134 Et
753 3059 987 3133 Sacerdotem
1007 3060 1138 3158 parium
1154 3066 1261 3136 meti-

166 3158 303 3234 culosa
323 3162 557 3241 conscientiae
573 3186 649 3234 non
666 3160 809 3232 omittat
829 3158 1053 3255 interrogare
1073 3162 1260 3259 praecipat

167 3263 265 3334 ciret
284 3259 365 3333 haeo
383 3261 462 3345 tria.
484 3288 496 3332 ι
515 3258 652 3335 Utrirm
672 3256 857 3331 distulerit
871 3255 1157 3332 celebrationem
1172 3259 1261 3335 Mis·

162 3367 291 3432 'aarum
314 3385 379 3457 per
398 3369 587 3446 mensem,
603 3359 634 3429 si
652 3356 788 3430 luerint
812 3349 932 3430 Μίδεω
948 3353 1178 3430 Morinorum
1197 3417 1205 3448 ,
1223 3375 1260 3435 et

93 3463 107 3488 *
166 3479 235 3558 per
247 3455 367 3546 duos,
392 3458 422 3530 si
440 3457 579 3546 luerint
593 3457 756 3528 vivorum
778 3483 787 3524 ε
810 3453 882 3527 hoc
898 3451 999 3528 enim
1014 3479 1088 3526 non
1105 3479 1261 3531 ascusa-

164 3563 230 3629 tur
251 3560 271 3630 t
295 3554 446 3658 peccato
473 3557 569 3655 gravi
593 3553 705 3655 (eide¹
722 3551 789 3625 lib.
818 3554 904 3628 on.
930 3556 1014 3651 3¹7·
1034 3557 1108 3647 Qu.
1136 3555 1258 3650 11:)2.

164 3650 304 3729 Utrirm
330 3654 569 3744 celebraverit
591 3652 805 3727 festinanter
821 3673 831 3736 ;
850 3652 1082 3748 impendens·
1100 3656 1199 3725 eninr
1220 3658 1260 3731 in

166 3752 286 3831 misse
303 3753 552 3830 celebratione
574 3749 720 3834 minias,
739 3755 851 3851 q'utm
871 3750 973 3822 hore
988 3749 1259 3852 quadrantem,

164 3854 309 3926 etldtnsi
326 3868 421 3927 esset
439 3854 546 3926 Missa
566 3852 684 3925 votive
711 3850 784 3923 BB.
811 3848 993 3948 Virginis,
1013 3865 1075 3920 aut
1094 3852 1260 3924 Mortuo-

160 3961 268 4036 ‘rum‚
281 3977 350 4028 nec
360 3957 468 4026 etum
479 3950 714 4026 excusabitur
730 3937 870 4048 bculpa
884 3949 979 4045 gravi
994 3945 1085 4043 (1.6
1099 3973 1135 4022 n.
1149 3950 1263 4047 dno),

85 4099 86 4102 =
164 4054 344 4153 quoniam
361 4051 425 4125 teli
447 4052 627 4153 temporis¹
640 4048 758 4149 spatio
787 4069 863 4119 non
891 4048 1025 4145 poterit
1040 4067 1116 4119 non
1132 4041 1259 4126 deesse

159 4148 379 4229 notabiliter
388 4149 636 4246 ceremoniis,
650 4145 856 4226 autsslttm
864 4141 1103 4223 convenienti
1119 4172 1261 4236 earum·
