2942 4717
263 236 321 318 aa
406 289 408 299 ι
469 265 518 302 .·
634 240 990 321 &rraxacoarasant
1024 243 1043 297 -’
1092 237 1161 296 ³7
1446 303 1447 380 ,

276 364 385 436 tione·
398 359 445 434 N.
466 361 534 435 JSS.
551 362 660 461 Papae
687 361 877 436 Benedicti
901 362 1002 437 XIV.
1016 357 1162 459 (bibid
1175 391 1211 442 u.
1231 365 1300 467 537
1313 370 1359 464 Q.

274 462 321 535 II.
338 466 352 555 )
369 461 549 559 Idemque
569 459 756 534 tenuimus
773 465 786 554 (
803 457 900 533 Ibid·
918 478 952 535 v:
964 461 1002 535 Si
1016 466 1176 557 aurem.)
1192 520 1202 553 ,
1221 464 1252 537 si
1269 467 1361 540 Con·
1446 491 1447 532 t

261 560 386 633 'fessio
399 560 509 633 luerit
522 558 681 631 invalida
694 615 703 648 ,
717 558 907 657 loquendo
921 559 969 633 de
979 560 1138 634 tubilaeo
1150 565 1165 652 3²
1178 561 1361 654 Sed‘extri

260 658 497 741 tentanum.
516 660 547 731 si
564 660 646 757 quis
663 657 825 732 invalide
843 656 1031 733 confessus
1049 659 1277 760 fueritflapud
1301 662 1362 737 ali·

275 783 387 857 quem
400 756 691 844 Confesaarium,
709 759 775 855 qui
788 756 963 830 facultate
983 757 1147 855 pollebat
1161 771 1274 859 super
1289 785 1364 858 pec·

272 858 364 931 eatis
382 855 591 948 reservatis,
608 857 817 944 communis
829 870 866 928 et
882 855 1366 954 probabiliorestsententia

274 954 377 1051 quod
393 954 583 1027 absolutus
606 958 626 1025 ὲ
644 956 887 1027 reservatione
903 965 1049 1036 maneat
1066 960 1081 1047 ζ,
1090 955 1175 1030 Lib.
1191 957 1218 1030 6
1233 984 1271 1031 n;
1286 958 1364 1056 598.

270 1055 316 1146 Q.
335 1053 399 1127 lV.
418 1056 432 1150 )
455 1055 596 1150 Estque
619 1054 731 1125 etiim
753 1054 988 1127 communior
1005 1067 1042 1126 et
1060 1057 1147 1127 satis
1161 1054 1365 1154 probabilis
1446 1071 1447 1148 f

272 1152 429 1250 opinio,
458 1151 704 1225 Pmnitentem
738 1152 904 1227 solutum
934 1177 1012 1226 esse
1045 1156 1065 1225 ὲ
1097 1149 1364 1246 reservatione,
1446 1181 1447 1250 3

273 1253 440 1349 quamvis
456 1251 646 1324 Confessio
667 1249 777 1324 fuerit
795 1251 994 1348 sacrilega,
1013 1250 1128 1325 modb
1142 1252 1225 1350 ipse
1243 1253 1369 1353 culpa·
1446 1309 1447 1350 3

231 1401 233 1406 -
270 1348 398 1423 biiiter
420 1374 494 1423 non
513 1350 671 1421 tacuerit
694 1349 898 1448 praesertim
921 1364 1113 1450 peecatum
1143 1363 1368 1427 reservatum

185 1645 187 1648 ι
322 1549 382 1621 83.
402 1547 450 1620 lt.
471 1544 584 1640 Quod
609 1545 768 1644 pertinet
785 1542 832 1620 ad
850 1509 1115 1645 obligationem
1135 1546 1369 1622 denunciau·

137 1683 140 1684 ⁷
267 1645 330 1731 di,
350 1645 522 1721 'advertat
546 1645 826 1732 Confesrarius,
856 1647 957 1744 quod
982 1646 1062 1817 ipse
1090 1650 1271 1720 teneatur
1303 1647 1369 1721 sub

269 1745 386 1843 culpa
402 1746 502 1844 gravi
522 1743 714 1841 imponere
733 1743 931 1818 Poenitenti
947 1744 996 1818 ob
1013 1747 1215 1843 igationem
1232 1744 1371 1819 denun-

253 1844 398 1918 ciandi
430 1839 692 1939 Superioribus
722 1841 910 1943 aliquem,
944 1846 1009 1942 qui
1039 1845 1169 1917 serid-
1199 1846 1373 1919 rotularit

271 1944 591 2043 propositionem.
615 1955 679 2015 aut
696 1939 965 2039 blasphemiam
994 1872 1265 2030 baereticalb'm,
1286 1970 1372 2018 curn

252 2061 397 2114 'errore
412 2038 643 2129 intelleetiis,
664 2053 700 2113 et
714 2041 914 2139 pertinacia
930 2097 939 2125 ,
955 2069 1031 2115 non
1045 2047 1121 2142 jam
1131 2041 1185 2115 ob
1201 2044 1376 2141 ignorau-

269 2141 382 2228 narn,
412 2139 615 2221 incuriam,
639 2150 703 2211 aut
728 2137 877 2237 lapsum
898 2140 1035 2238 linguae
1061 2168 1071 2230 ς
1096 2165 1186 2215 nam
1215 2166 1262 2214 eo
1289 2165 1375 2216 caru

251 2237 434 2324 ²sufficit‘,
461 2235 562 2336 quod
586 2239 775 2311 Poenitens
803 2262 889 2310 eum
916 2238 962 2312 de
992 2265 1059 2312 suo
1076 2264 1207 2314 errore
1227 2237 1377 2315 moueat

144 2341 147 2344 ’
268 2336 385 2431 (Lib.
404 2338 478 2429 dn.
498 2337 583 2429 254.
599 2362 636 2408 v·
655 2335 728 2428 Not
744 2337 820 2433 ΙΙ.)
844 2337 1157 2415 Praeterebdebet
1177 2339 1375 2439 imponere

271 2435 518 2523 Mulieribus‚
542 2448 606 2507 aut
619 2434 749 2521 Pueris
765 2491 775 2524 ,
791 2452 834 2508 ut
853 2435 1082 2511 denuncient
1095 2439 1376 2525 Confessarioa.

251 2538 253 2540 ’
272 2537 338 2633 qui
353 2561 414 2613 eos
428 2533 709 2606 sollicitaverint
719 2533 920 2634 adturpia,
936 2534 996 2608 rel
1014 2562 1101 2610 cum
1119 2536 1175 2610 eis
1193 2539 1376 2610 inhones·
1446 2589 1447 2634 ,

247 2666 250 2668 ’
271 2647 329 2706 tos
341 2647 514 2706 tractatus
528 2632 738 2724 habuerint.
747 2632 908 2708 Observa
918 2634 1093 2721 Librum,
1112 2634 1378 2712 ubtdi'stinctt
1446 2641 1447 2702 l

269 2749 325 2806 est
342 2731 419 2806 brec
436 2731 588 2804 materia
607 2729 769 2806 discussa
786 2731 889 2820 (Lib.
907 2732 986 2808 δεῖ
1000 2759 1037 2808 n.
1051 2734 1165 2831 675.)
1185 2735 1264 2809 Sed
1281 2737 1378 2809 circi

250 2832 415 2931 praxim
435 2830 600 2902 advertat
612 2828 864 2902 Confessariue
884 2856 914 2904 r.
936 2856 983 2904 ne
1002 2833 1042 2905 in
1058 2832 1129 2907 hae
1142 2834 1381 2927 sollicitatio·
1446 2847 1447 2918 t

252 2932 331 3002 vnis
347 2929 498 3001 materia
514 2929 562 3001 sit
578 2927 689 3000 nimis
701 2926 856 3001 festinus
869 2930 907 3001 in
922 2929 1152 3029 imponendo
1168 2931 1381 3008 Poeuitenti
1446 2945 1447 2992 ἶ

254 3047 369 3101 “onus
388 3026 685 3111 denunciationis
702 3082 711 3114 ‚
734 3053 820 3100 nam
831 3031 870 3100 in
887 3028 1023 3117 dubio,
1043 3056 1089 3101 an
1105 3027 1176 3103 illa
1192 3032 1315 3106 fuerit
1326 3031 1381 3105 rel

251 3153 322 3200 ·ne
346 3125 582 3214 sollicitatio,
609 3124 682 3198 tale
708 3152 803 3199 onus
830 3127 975 3227 injungi
1001 3154 1076 3201 non
1097 3127 1251 3234 debet(
1270 3132 1382 3208 Num.

271 3226 386 3342 poa.)
404 3224 498 3315 ;nisi
512 3248 600 3317 cum
614 3223 724 3299 rerba
739 3281 749 3312 ,
768 3240 832 3298 aut
846 3242 947 3299 actus
957 3252 1000 3299 ex
1016 3252 1053 3300 se
1066 3225 1387 3305 sollicitationem

273 3338 540 3420 importarent,
558 3339 594 3397 et
606 3323 750 3399 tantiam
765 3322 921 3397 dubium
935 3329 1090 3399 verteret
1098 3325 1146 3399 de
1163 3330 1387 3405 intentione

273 3424 529 3514 sollicitantis3
546 3436 609 3496 aut
624 3424 654 3497 si
675 3422 846 3496 adessent
862 3423 1091 3516 vehementia
1111 3425 1286 3520 indicia,
1306 3443 1386 3502 esto
1446 3467 1447 3470 ¹

249 3550 253 3559 ·
274 3549 352 3596 non
369 3521 547 3596 evidentia
560 3579 568 3603 ‚
580 3521 876 3610 sollicitationis,
896 3522 977 3623 aine
992 3523 1141 3597 indiciis
1163 3526 1209 3617 in
1229 3528 1389 3630 oppoai·
1446 3531 1447 3534 ’

186 3628 189 3633 ’
271 3636 356 3695 tum
375 3648 385 3707 3
405 3634 494 3694 tanc
513 3623 613 3694 enim
627 3619 684 3693 illi
702 3620 981 3720 vquodanrmodb
997 3623 1183 3698 moralem
1205 3626 1388 3702 ffundaot

247 3719 535 3794 “certitudinem
552 3718 631 3813 (lb.
647 3737 676 3794 'v
693 3719 999 3815 Excipiendum.)
1016 3720 1195 3796 Advertat
1214 3729 1264 3803 ας·
1275 3751 1328 3801 ne
1341 3728 1391 3802 sit

245 3830 252 3868 ³
272 3819 393 3893 facilis
415 3818 464 3892 ad
488 3815 767 3916 suscipiendum
789 3820 839 3894 inf
855 3835 902 3891 se
917 3845 1019 3917 onus·
1043 3820 1390 3913 denunciationis,

246 3943 257 3953 ·
273 3920 347 3991 uisi
365 3920 403 3991 in
420 3917 468 3993 ali
499 3931 647 3992 uo'casu
662 3929 773 4006 raro,
797 3918 846 3989 in'
860 3918 1180 4017 quo‘o'lraritasaeid‘
1194 3923 1278 3997 sibi
1293 3945 1393 4026 pru-

252 4032 426 4115 ·poneret
441 4041 488 4102 ,o
528 4031 703 4115 magnam
719 4014 968 4091 difficultatem
981 4020 1123 4117 ,rqua'rn‘
1135 4018 1251 4096 torte
1262 4025 1395 4101 Poeni·

272 4129 354 4189 tens
370 4114 523 4226 liaberet
537 4115 701 4192 adeundi
714 4116 1182 4216 superioritaddrertat‘d
1200 4123 1393 4225 quodip·
1446 4159 1447 4162 ¹
