2942 4717
383 175 435 245 Ex
448 174 599 271 operibns
613 175 776 245 benedicti
789 169 884 245 XIV.
1098 174 1164 264 557

96 281 226 359 'renam
238 284 374 378 proinde
390 276 619 354 omnia-media
633 276 787 353 adhibere
798 288 876 353 citri
892 280 1095 372 scandalum,
1111 278 1168 352 vel

95 376 249 443 infamiam
263 396 351 441 suam
368 374 409 440 ad
423 373 506 460 boc,
532 388 572 457 nt
595 375 662 462 ipse
687 386 721 438 se'
738 369 923 458 subtrahat,
940 389 971 440 et
993 372 1115 451 aliurn,
1139 370 1168 437 si

97 463 159 528 fieri
177 463 300 551 possit,
316 450 497 532 substituet.
517 460 564 526 lta
591 459 740 539 Pontifex
760 461 795 523 in
820 457 1033 526 declaratione
1050 460 1167 559 prioris

90 546 183 617 ‚tuta
191 547 428 615 Sacramentum
441 545 637 613 Poenitentioe
651 546 737 612 nonai
747 562 803 613 sta
815 543 906 611 bulla
915 543 1169 635 Apostolrcimtt·

92 634 181 705 neris.
196 626 278 698 Brit.
289 632 383 698 Tom.
400 632 425 696 1.
443 654 478 696 n.
498 653 570 697 rao.
772 648 776 657 ·
936 687 939 693 ,
1026 713 1027 716 ¹
1084 671 1086 675 -

131 720 310 809 injungitur
325 717 530 802 Ordiuariis,
546 731 583 783 ut
598 716 633 782 iu
651 714 883 807 approbatione
896 713 1170 789 Confessariorrrm

94 807 345 882 constitutionem
354 800 501 889 Gregorii
510 803 584 885 XV,
596 819 628 869 et
642 819 829 893 praesentem
842 805 1004 872 Benedicti
1020 805 1110 872 XIV.
1128 805 1170 870 ab

96 887 235 959 omnibus
249 888 471 961 Sacerdotibus
487 886 703 978 approbandis
715 889 838 956 attente
853 887 939 976 legi,
956 907 987 958 et
1008 890 1171 958 observari

96 993 211 1044 curent.
227 977 274 1043 ltir
289 978 325 1042 in
345 972 436 1043 bulla
450 975 689 1044 Sacramentum
704 973 911 1044 Poemiteutiat.
928 974 1012 1043 nult.
1033 977 1128 1044 Tem.
1140 977 1170 1044 1.

96 1081 194 1131 nawa

133 1144 323 1216 Confessarii
330 1141 490 1217 absolutio
502 1147 575 1218 data
590 1143 812 1236 ignorantibus
827 1150 1000 1216 necmsnria
1009 1147 1173 1218 necessita-

95 1246 124 1301 te
133 1232 232 1303 medii
249 1251 295 1305 est
312 1233 475 1313 invalido,
492 1233 621 1325 Enoylc.
633 1234 858 1321 Etsiminimb.
870 1234 952 1303 Bulla
965 1236 1006 1302 T.
1023 1237 1050 1302 Ir
1071 1237 1104 1301 ri.
1115 1238 1171 1302 sens

131 1319 163 1391 si
179 1321 258 1389 vcro
266 1323 392 1409 ignoret
400 1323 557 1412 poenitens
566 1322 741 1387 necessaria
754 1323 937 1389 necessitate
951 1325 1123 1412 precepti,
1140 1336 1175 1389 et

91 1403 148 1472 riti
162 1405 269 1476 dolent
291 1408 332 1472 de
350 1406 410 1471 hac
433 1404 634 1494 ignorantia,
650 1429 689 1473 ac
710 1407 964 1476 emendationem
978 1411 1174 1498 promittat,

87 1512 178 1582 posse
192 1490 316 1560 absolvi
330 1492 463 1582 judicat.
475 1492 521 1558 ib.
538 1515 573 1558 u·
591 1515 640 1558 nn.

120 1579 343 1649 *confessarius
358 1579 385 1645 si
403 1579 541 1645 audierit
549 1578 757 1645 Poenitentem
793 1596 824 1645 et
833 1599 898 1645 uon
912 1575 1081 1647 absolverit
1090 1623 1102 1665 ,¹
1120 1603 1176 1646 re-

89 1664 295 1757 quiraturque
308 1664 557 1732 de'aatestatione
572 1664 777 1731 confessionis
787 1665 965 1755 inscriptis,
977 1667 1070 1732 debet
1086 1665 1177 1732 illam

92 1751 280 1828 concedere,
291 1766 473 1817 nontamen
489 1772 640 1842 umquam
651 1748 806 1816 affirmare
820 1749 915 1816 debet
931 1799 941 1837 ,
958 1750 1094 1818 seillam
1110 1752 1176 1816 ab·

92 1833 239 1924 solvisse,
257 1859 318 1903 nec
332 1851 411 1903 tunc
425 1837 545 1926 pariter
567 1857 640 1902 cum
659 1833 751 1901 illum
766 1833 958 1923 absolverit,
975 1858 1049 1903 nam
1071 1834 1188 1924 alias','

89 1920 116 1989 ti
129 1922 171 1993 de
185 1919 298 2014 aliquo
313 1921 377 1989 hoc
391 1927 556 1999 attestatus
570 1922 699 2006 fuisset,
716 1923 799 1989 etde
821 1920 863 1987 ali
910 1946 929 1989 o
944 1942 1033 2009 non,
1052 1921 1181 1991 revela-

92 2008 186 2074 tionis
203 2007 609 2100 Consessionispericulum
624 2007 755 2074 subiret.
775 2009 852 2075 inst.
898 2006 1010 2079 ccl.45
1027 2028 1061 2075 n:
1074 2028 1125 2076 ιο.

132 2093 240 2181 Patres
256 2095 455 2185 Cappuccini
465 2097 491 2161 si
501 2094 607 2161 adsint
616 2096 649 2159 in
659 2091 747 2180 loco,
758 2091 813 2163 ubi
823 2092 930 2160 nullus
938 2111 1181 2163 conventusseu

29 2196 30 2199 ’
92 2175 269 2271 hospitium
284 2187 334 2246 sni
349 2181 471 2248 ordinis
479 2175 706 2265 existit‚nuilu
768 2178 961 2246 eFratersui
978 2181 1099 2248 ordinis
1107 2203 1195 2248 conv

92 2264 239 2334 fossarius
250 2265 369 2339 ibidem
378 2267 486 2351 existit
502 2313 513 2351 ,
530 2283 663 2356 possunt
671 2288 730 2331 con
747 2266 960 2331 essionmsuas
968 2266 1085 2335 habere
1093 2267 1183 2357 apud

92 2348 313 2442 Presbyterum
327 2349 507 2419 saecularem
517 2350 743 2417 confessarium
760 2349 971 2441 approbatum
986 2352 1025 2418 ab
1036 2352 1182 2419 Ordina-

94 2438 141 2508 tio
151 2436 240 2526 loci,
258 2461 314 2504 seu
329 2438 416 2528 apud
423 2434 613 2524 Regularem
627 2435 864 2527 approbatumi
874 2460 931 2505 suo
945 2437 1117 2529 Superiora
1127 2462 1183 2505 re·

135 2521 196 2591 lari
211 2525 475 2592 adconfessiones
486 2523 671 2607 habendas,
688 2520 908 2588 nonobstante
923 2540 1040 2590 statuto
1051 2546 1114 2590 sure
1122 2525 1184 2590 Re·

107 2613 224 2698 igionis
247 2611 282 2676 in
299 2610 505 2676 contrarium.
522 2606 613 2675 Bulla
629 2608 725 2701 Quod
743 2609 917 2675 communi.
933 2605 1017 2675 Bull.
1041 2609 1135 2678 Tom.
1154 2611 1184 2681 1.

93 2719 128 2764 n·
145 2702 166 2763 4
200 2720 236 2764 fl·
257 2714 289 2762 2⁴·
519 2732 521 2741 ’
1120 2726 1123 2733 ’
1269 2754 1272 2765 ι

84 2834 87 2843 2
135 2716 332 2852 cdnrmrnt
349 2777 522 2877 Regulam
537 2803 603 2848 noa
619 2795 768 2850 tenentur
789 2780 896 2848 adesse
911 2779 1097 2853 resolutioni
1109 2782 1186 2848 ‘cr-

93 2890 186 2947 tuum
201 2869 427 2955 conscientiae,
443 2890 514 2959 quae
523 2866 658 2935 habetur
668 2889 772 2934 coram
789 2865 1014 2959 Episcopopro
1031 2869 1188 2936 totaDitm

95 2957 155 3022 cesi
173 2981 184 3043 3
202 2971 356 3022 tenentur
370 2969 476 3020 tamen
495 2955 529 3020 in
552 2955 616 3020 suis
632 2951 834 3020 monasteriis
846 2952 964 3021 habere
980 2972 1012 3021 et
1035 2956 1186 3024 interesse

92 3037 227 3109 lectioni
236 3041 421 3108 eorumdem
430 3062 572 3107 casuum.
589 3039 669 3127 Qnae
683 3035 780 3105 lectio
789 3036 936 3105 habenda
953 3042 1040 3107 estin
1050 3041 1186 3130 singulis
1250 3106 1253 3115 ,

93 3127 301 3196 monasteriis
308 3149 348 3193 ex
357 3122 542 3217 Apostolico
550 3127 754 3216 praescriptos
772 3126 823 3203 cuj
837 3127 865 3190 si
875 3147 940 3191 non
948 3123 1187 3206 interfuerint,

93 3231 201 3305 potest
218 3213 396 3302 Episcopus
410 3210 483 3278 illos
500 3233 634 3297 cogere,
651 3227 687 3277 ut
702 3211 851 3295 intersint
864 3211 1111 3300 Congregationi
1128 3234 1188 3280 ca-

95 3323 189 3368 suum
209 3298 433 3382 conscientiae,
450 3320 521 3388 qnae
538 3296 674 3364 habetur
684 3318 790 3362 coram
806 3293 864 3362 illo
879 3318 920 3361 ex
936 3298 1188 3388 prascriptoSS.

95 3390 282 3473 Canonium.
295 3385 392 3450 ister
401 3379 570 3472 Encyclicn
579 3382 613 3449 S.
630 3382 891 3468 congregationis
900 3383 973 3451 data
981 3383 1061 3449 diei
1088 3382 1188 3473 ‚atari

93 3494 172 3541 ann.
193 3473 286 3560 ¹7⁵²·
301 3486 334 3537 et
342 3485 387 3535 est
396 3470 431 3534 in
447 3467 703 3620 AppendTom'
713 3407 1091 3546 lunaticeneotssi.
1108 3480 1187 3569 pag.

94 3557 234 3625 osubt
258 3557 355 3623 ariter
368 3554 458 3623 adest
503 3549 862 3620 ecretumalterumCon
886 3555 1190 3641 rogationisedrtunt

93 3666 184 3711 anno
198 3578 295 3710 roda.
313 3642 348 3707 in
363 3662 428 3741 quo
444 3640 479 3707 id
491 3640 642 3706 statuitur
657 3641 692 3704 in
709 3641 852 3706 favorem
864 3578 1072 3726 diegulnrium
1091 3641 1189 3707 etiint

94 3730 132 3798 in
149 3731 192 3799 iis
208 3727 431 3806 Monastertis,
447 3729 482 3793 in
498 3723 614 3817 quibus
635 3748 702 3792 non
726 3726 848 3819 degunt
863 3725 925 3792 ΧΠ
940 3728 1003 3795 viri
1018 3725 1186 3818 Religion·

268 3954 273 3970 ,
386 3894 805 3985 ..:corrnnssro„
864 3956 868 3963 .
967 3930 969 3935 -
1045 3970 1051 3983 ,
1125 3926 1128 3933 ν

136 4071 247 4146 Nemo
262 4093 316 4140 urn
363 4089 413 4137 ara
429 4060 877 4181 quodcumque-privilegiam
891 4063 1058 4153 obtinens,
1078 4074 1190 4151 tuobe

229 4156 313 4231 Tem
353 4153 412 4231 ut
1018 4175 1061 4237 ta
1151 4230 1153 4235 .
