2942 4717
266 213 331 298 260
572 230 574 236 ·
592 207 738 279 Examen
755 207 1033 278 ordinandorum.
1073 257 1075 260 .

271 326 329 404 st'o
358 349 430 398 non
457 321 564 395 babet
581 321 741 420 [adnare
770 323 813 391 de
841 319 977 392 retibus
1003 315 1095 392 merl
1119 318 1343 413 tnnntrtbns‘‚·

266 439 414 520 propter
427 421 523 520 qnod
533 420 698 494 Minister
709 418 897 508 Ecclesia,
913 418 995 491 lieet
1006 418 1154 490 disendo
1171 422 1342 495 orationem
1438 471 1439 478 κ

273 522 401 617 togr'tet
411 521 506 593 oli‘nd
520 574 529 605 ‚
545 521 616 591 n'on
634 518 767 589 rr'detnr
776 533 1012 615 transgressor
1021 522 1183 613 precepti
1195 546 1241 589 en
1255 535 1344 591 nata·

274 611 433 713 refectis
446 621 480 692 S.
498 623 633 691 Anton.
651 618 672 688 3
688 630 781 715 part.
800 615 855 686 tit.
880 617 921 688 13
938 641 1020 713 cap.
1036 623 1057 708 4
1072 617 1092 711 §
1105 615 1227 689 -Verba
1239 632 1344 693 autem

274 716 313 788 S.
332 719 486 791 Tiromae
501 731 609 790 sunt:
628 717 777 815 Quando
797 713 921 811 aliquis
942 739 990 784 ee
1009 716 1189 812 proposito
1211 732 1345 787 mentera

273 813 325 896 nd
339 818 412 888 olio
425 813 588 888 distrahit
602 812 737 887 orando
753 840 765 895 ,·
780 828 861 883 tune
873 811 966 883 enim
982 812 1061 883 sine
1078 815 1178 912 σπῖρα
1193 836 1260 884 non
1276 831 1343 888 estt

269 914 541 1010 prostituerint
558 912 640 984 att's
653 912 778 1008 sponte
793 936 834 981 se
851 924 999 1003 occupet
1013 964 1021 994 ,
1036 936 1112 1008 qno
1123 926 1269 981 mentem
1282 912 1346 990 dis·

274 1009 439 1101 trabant,
456 1013 642 1085 steterunt
659 1007 834 1081 exteriora
848 1032 959 1105 ¹onero
975 1061 983 1092 .
1004 1020 1037 1078 et
1051 1008 1087 1079 si
1095 1008 1146 1080 od
1155 1009 1345 1082 contronius

274 1134 378 1182 mens
407 1125 569 1208 erogetur
589 1161 598 1194 ,
618 1108 722 1179 ettilm
746 1106 846 1196 culpo
872 1105 1029 1177 mortalis
1054 1108 1127 1179 ere't.
1156 1107 1199 1177 In
1223 1108 1245 1199 4
1268 1120 1348 1184 sent.

271 1204 359 1280 dist.
381 1207 421 1281 15
435 1210 510 1308 q.4
532 1222 599 1279 art.
625 1231 646 1277 a
670 1204 783 1298 solut.
806 1206 828 1297 4
848 1203 894 1275 ad
912 1228 943 1274 2.
963 1205 1060 1300 Ergo
1083 1209 1180 1304 juxta
1194 1205 1237 1275 D.
1261 1205 1347 1276 Tho·

273 1328 374 1379 mam
394 1307 553 1405 evagatio
568 1305 712 1377 interna
729 1328 804 1374 nou
823 1301 971 1374 estsine
989 1307 1119 1401 culpa,
1139 1302 1276 1375 scilicet
1292 1328 1349 1375 re·

273 1403 391 1491 niali,
409 1421 556 1478 externa
572 1420 692 1476 autem
710 1426 786 1474 non
801 1405 879 1476 sine
898 1399 1044 1472 mortali
1058 1428 1067 1492 ;
1083 1417 1119 1475 et
1135 1402 1188 1473 sic
1204 1400 1239 1473 id
1256 1400 1351 1473 intel·

273 1498 356 1597 ltgit
373 1502 472 1577 idem
487 1505 522 1576 S.
543 1502 777 1588 Antoninus,
795 1500 922 1573 dicens
940 1527 948 1569 :
970 1500 1071 1571 Unde
1083 1498 1120 1573 S.
1138 1497 1352 1572 Thomordi·

265 1600 324 1671 -ct't
337 1600 387 1672 rbi
401 1656 411 1686 ‚
425 1602 521 1698 qnod
531 1601 568 1671 in
585 1600 762 1681 oratione,
779 1600 815 1669 si
826 1599 862 1669 in
881 1596 960 1669 aliis
973 1602 1097 1693 sponte
1112 1623 1153 1671 se
1167 1599 1244 1695 quis
1261 1621 1352 1669 occu·

266 1713 336 1793 pot
349 1698 385 1771 in
401 1698 459 1771 hrt
478 1724 554 1797 qne
570 1713 722 1769 mente-m
742 1694 962 1785 distrahunt,
981 1695 1071 1767 sr'crlt
1083 1713 1169 1769 sunt
1183 1718 1354 1781 onero-ee-

273 1793 411 1881 ten'oro,
421 1797 525 1869 etiem
538 1798 639 1889 eulpa
653 1795 808 1866 mortalis
817 1794 892 1868 erit.
905 1796 1004 1869 Loco
1013 1793 1075 1868 cit.
1093 1798 1195 1868 Ratio
1209 1806 1350 1866 antemi

270 1892 389 1992 hujus
405 1897 595 1984 sententiae
620 1907 699 1977 est,
722 1895 809 1990 quia
827 1895 858 1964 si
877 1896 1026 1965 attentio
1052 1897 1196 1972 interna
1216 1905 1303 1963 esset
1317 1888 1356 1963 de

244 2051 249 2075 4
268 1997 431 2067 essentia
454 1994 652 2082 orationis,
674 1990 883 2063 ministrans
906 1992 1121 2064 Extremam
1140 1992 1354 2066 Unctionem

274 2089 354 2163 sine
372 2101 571 2168 attentione
588 2093 733 2163 interna
751 2088 912 2162 invalide
931 2091 1156 2164 ministraret
1171 2146 1180 2177 ,
1196 2114 1279 2163 eum
1292 2087 1357 2160 ier·

272 2211 336 2263 ma
354 2189 464 2287 hujus
483 2189 704 2266 Sacramenti
724 2186 775 2258 sit
800 2187 1073 2285 deprecatoria,
1095 2187 1283 2284 Indulgent
1303 2182 1357 2260 till

273 2287 396 2372 Dens,
414 2304 479 2362 ete.
494 2314 540 2361 ex
555 2286 621 2359 illo
642 2287 677 2358 S.
694 2285 848 2359 lacobiz
867 2288 976 2358 Orent
994 2313 1098 2384 snper
1112 2311 1193 2362 eom
1208 2308 1355 2382 ‚ungen-

273 2399 347 2473 tes,
361 2401 424 2461 ete.
435 2389 507 2486 Ep.
521 2388 583 2460 c.5
597 2411 629 2458 v.
644 2386 688 2477 14
706 2385 778 2457 Sed
786 2384 829 2457 id
839 2411 914 2457 non
930 2399 1051 2485 potest
1064 2384 1157 2474 dici,
1172 2410 1259 2457 cum
1269 2408 1352 2456 cnu-

236 2514 238 2518 ’
275 2501 347 2559 stet
370 2511 413 2558 ex
435 2486 669 2563 Florentino.
699 2481 747 2555 ad
766 2483 925 2557 valorem
944 2484 1170 2557 sacramenti
1196 2485 1356 2554 triatau-

256 2584 357 2658 tum
372 2584 532 2682 requiri,
550 2598 587 2656 et
601 2579 790 2669 sufficere,
809 2581 945 2682 nempe
962 2586 1174 2672 materiam,
1192 2581 1357 2666 formam,

269 2709 341 2758 -seu
351 2684 469 2756 uerba
487 2689 505 2754 a
518 2681 685 2754 Ministro
700 2680 842 2779 prolata
855 2739 865 2772 ,
880 2697 915 2754 et
931 2684 1178 2756 intentionem
1193 2680 1305 2779 ipsius
1317 2678 1358 2750 ia·

230 2823 233 2828 ⁴
278 2781 426 2867 ciendi,
446 2779 548 2879 qnod
568 2779 658 2854 lacit
672 2778 852 2854 Ecclesia.
876 2780 983 2875 ilatio
998 2805 1032 2855 2.
1054 2783 1142 2881 qnia
1165 2782 1198 2853 si
1217 2778 1356 2851 attentio

277 2880 423 2952 interna
442 2880 488 2951 de
500 2880 656 2952 essentia
678 2878 850 2950 orationis
868 2894 961 2954 esset
977 2925 989 2967 ,-
1005 2882 1111 2952 etiem
1128 2881 1181 2962 is,
1201 2878 1267 2976 qui
1282 2899 1358 2948 cum

277 2978 521 3053 involuntaria
537 2975 774 3050 distractione
791 2976 902 3050 horas
913 2968 1135 3078 persolveret
1150 3032 1159 3061 ‚
1176 3002 1247 3050 nec
1260 2974 1357 3047 etiam

277 3075 512 3149 satisfaceret.
532 3075 686 3174 Propter
702 3074 769 3149 has
785 3078 945 3149 rationes
962 3076 1111 3154 minime
1125 3092 1358 3150 contemnen-

278 3173 344 3250 das
360 3173 503 3246 ridetur
517 3170 596 3246 haec
610 3172 774 3246 secunda
790 3175 969 3247 sententia
983 3201 1059 3248 non
1083 3201 1191 3275 posse
1207 3166 1358 3246 diciim·

277 3271 493 3373 probabilis.
508 3269 691 3344 Caeterum
706 3275 1092 3360 conveniunt-omnes,
1113 3272 1217 3373 quod
1233 3327 1242 3360 ‚
1257 3285 1299 3343 nt
1315 3268 1360 3340 di·

226 3419 229 3425 -
278 3386 383 3446 catur
406 3373 489 3541 4uis
508 3397 585 3444 non
602 3370 782 3468 implere3
802 3386 989 3466 oporteat.
1010 3389 1052 3445 ut
1067 3398 1143 3448 non
1158 3367 1283 3444 solum
1301 3365 1360 3440 ad·

276 3482 389 3543 uertat
431 3472 678 3542 istractionem
694 3526 703 3557 ,
721 3468 785 3543 sed
803 3468 925 3543 adhuc
941 3526 948 3557 ‚
966 3485 1008 3542 ut
1024 3471 1133 3568 plene
1148 3471 1312 3542 advertat
1322 3486 1358 3536 se

275 3568 430 3644 distrahi
444 3567 494 3640 ab
507 3566 656 3640 officio:
670 3563 759 3640 alias
774 3617 784 3655 ,
798 3568 886 3656 licet
899 3568 1104 3642 voluntarie
1120 3566 1359 3646 distrahatur,

183 3744 192 3764 ,
276 3693 353 3744 uon
369 3664 708 3739 tamenroluntarie
726 3666 940 3740 distrahitur
963 3673 981 3738 a
1005 3669 1242 3742 recitationes
1262 3665 1361 3738 Seru·

250 3811 252 3820 ι
276 3766 430 3864 pulosus
455 3782 577 3839 autem
598 3780 749 3864 propter
762 3765 1016 3839 distractiones
1036 3769 1244 3863 numqutm
1260 3779 1359 3836 tene·

177 3923 189 3952 „
274 3879 337 3937 tur
354 3878 530 3963 repetere.
554 3863 606 3935 la
628 3865 827 3937 Suar.·'Sot.
851 3865 940 3937 Nar.
965 3864 1081 3967 Caiet.
1108 3865 1226 3938 Cone.
1248 3877 1284 3936 et
1306 3858 1359 3931 alii

204 3977 208 3981 ‘
274 3967 531 4042 communiter.
548 3961 644 4033 Vide
660 3960 685 4034 l.
703 3966 725 4054 4
742 3988 778 4034 n.
799 3987 914 4075 w·
931 3961 1116 4038 caeteriim.

121 4143 124 4154 ,
233 4096 267 4162 76
295 4061 506 4154 *Quint
518 4060 583 4137 IV.
598 4061 780 4155 Quaenam
798 4087 915 4143 cause
930 4066 1138 4142 excusent
1154 4058 1359 4139 recitatione
