2942 4717
206 360 208 364 ’
255 345 315 446 'bo¹
409 447 411 451 ι
451 441 454 448 1
537 377 542 386 ‘
607 332 611 339 Ι
649 334 761 425 Pretio
775 336 1025 427 (loirlessariis¹

264 469 407 571 juvabit
423 495 509 544 eum
528 470 775 570 interrogare,
796 485 836 545 ut
856 451 1028 545 nonnulli
1043 473 1188 563 solent,
1206 495 1253 549 an
1270 458 1357 549 nme·

263 577 375 672 quam
395 568 565 644 habuerit
583 570 825 644 intentionem
846 589 986 644 se'voto
1006 571 1261 672 obstringeudi
1278 575 1353 648 sub

157 675 160 684 ’
263 674 361 770 gravi
379 685 530 769 peccato
546 667 561 741 l
576 670 770 769 'Siquidem
793 669 903 742 rudes
929 672 981 745 sic
1004 673 1213 770 interrogati
1241 671 1353 760 facille

263 781 418 870 negant3
436 764 547 841 satius
570 769 639 841 erit
662 769 908 867 interrogare,
929 771 958 841 si
985 786 1098 861 tunc,
1117 798 1214 844 cum.
1226 787 1354 844 votum

264 872 407 957 emisit,
432 866 749 960 existimabamus
769 869 926 963 graviter
953 886 1188 967 peccaturum
1218 869 1353 959 fuisse,
1460 963 1462 966 Ι

263 989 310 1041 an
325 992 410 1048 nou,
420 966 450 1038 si
461 970 586 1064 postet
600 991 676 1038 non
688 967 919 1039 satisfecisset
930 992 939 1052 ;
949 984 985 1040 et
998 970 1046 1041 ita
1062 969 1189 1041 melibs
1203 985 1354 1065 cognos-

174 1095 179 1103 ·
261 1082 384 1153 cetur,
403 1091 450 1137 an
466 1064 661 1163 subgravi,
679 1063 816 1138 velleri
832 1080 963 1140 scroto
978 1066 1205 1166 obligaverit.
1220 1067 1354 1150 Certus

149 1229 156 1242 .
262 1166 380 1239 factus
396 1163 670 1252 Confessarius,
689 1162 761 1236 hoc
779 1163 891 1237 fuisse
907 1173 1032 1238 rerum
1045 1184 1201 1260 votum,
1217 1168 1353 1267 extruiss

257 1280 331 1353 ret,
344 1289 390 1338 an
400 1262 447 1335 oh
465 1262 677 1335 dilationem
693 1261 887 1361 putaverit,
902 1287 1101 1363 sepeecare
1118 1265 1320 1337 mortaliter
1336 1321 1348 1353 ,

258 1381 321 1436 aut
335 1362 521 1465 iudicabat
537 1390 575 1434 se
589 1360 636 1434 ab
651 1362 723 1436 boc
739 1364 923 1450 excusari,
934 1366 1020 1462 quia
1032 1363 1102 1437 sibi
1117 1379 1193 1437 erat
1208 1371 1351 1465 propo*

257 1465 371 1536 situm
390 1459 491 1534 illud
511 1458 741 1567 adimplendi
758 1463 1002 1559 inposterum.

256 1591 258 1594 ’
307 1562 364 1636 26.
380 1561 454 1634 ¹Hic
465 1564 565 1659 jurat
578 1573 754 1632 annotare
766 1559 890 1658 aliqua
903 1562 1000 1633 circa
1013 1566 1180 1633 rotor'um
1189 1560 1346 1661 Dispen-

255 1659 454 1749 sationem,
472 1674 509 1731 et
524 1658 872 1730 Commutatiouem.
888 1660 970 1732 Jam
988 1661 1103 1732 scitur
1120 1661 1217 1733 circa
1237 1663 1349 1760 quiu-

257 1775 329 1859 qnc
346 1774 428 1832 vota
444 1772 622 1830 reservata
639 1751 650 1846 ,’
666 1756 864 1856 Religionis
884 1756 1039 1856 nempe,
1057 1759 1239 1830 Castitatis
1265 1751 1351 1858 per·

254 1851 375 1960 petuae
387 1918 397 1947 ‚
411 1874 448 1930 et
461 1860 576 1929 trium
590 1858 945 1955 peregrinationum,
964 1857 1135 1945 Romam,
1152 1857 1344 1956 lerosoly-

253 1983 377 2042 mam,
398 1970 435 2029 et
457 1953 502 2025 ad
523 1955 557 2026 S.
577 1954 757 2026 Ja'cobum
780 1953 968 2027 Gallaeciae
986 2011 994 2041 ,
1014 1982 1090 2028 non
1110 1981 1217 2055 posse
1236 1959 1346 2030 nisib

252 2053 354 2154 Papa
370 2052 597 2155 dispensari,
617 2051 821 2126 dummodo
836 2055 910 2125 sint
924 2052 1112 2137 absoluta,
1130 2079 1204 2125 non
1221 2068 1348 2138 autem

252 2152 438 2255 poenalia,
462 2165 498 2225 et
518 2149 770 2236 conditionata
788 2156 802 2249 (
815 2150 898 2225 tin
922 2152 943 2225 3
964 2153 1128 2247 nsa61.)
1152 2152 1219 2225 llis
1250 2152 1347 2226 adde

252 2268 381 2327 votum
408 2252 684 2351 perseverantiae
713 2255 752 2325 in
785 2249 909 2347 aliqua
940 2250 1254 2349 Congregatione,
1285 2254 1346 2326 vel
1384 2263 1386 2266 ’

252 2350 526 2425 Communitate
542 2347 692 2446 solitum
706 2350 845 2446 emitti(
857 2347 967 2449 proiit
980 2352 1022 2424 fit
1035 2350 1072 2422 in
1087 2348 1348 2447 Congregatio·

175 2503 179 2516 ,
249 2449 361 2523 nibus
377 2447 691 2522 Missiouario‘rum
707 2449 743 2523 S.
758 2449 948 2522 Vincentii
962 2447 1133 2532 a‘Paulm
1153 2466 1190 2520 et
1206 2452 1243 2521 in
1262 2477 1348 2523 nos-

250 2555 307 2622 tra
323 2549 382 2621 SS.
393 2544 680 2644 Redemptoris)
696 2546 1038 2647 quod'Beuedictus
1055 2537 1155 2621 XIV.
1175 2549 1213 2619 in
1230 2547 1342 2624 Bulla

153 2733 156 2740 ἱ
250 2646 486 2737 Convocatis,
505 2645 575 2719 sub
595 2643 654 2720 die
673 2648 717 2719 25
732 2644 950 2719 Novembris
970 2646 1095 2745 r7l9§
1114 2644 1179 2736 32,
1200 2646 1268 2719 sibi
1287 2673 1344 2719 re·

250 2748 535 2835 servaritlnum.
552 2744 623 2819 255
633 2760 666 2838 ),
682 2744 751 2817 alia
768 2763 848 2817 vota
867 2760 1022 2845 possunt
1042 2746 1262 2818 commutari
1279 2761 1346 2820 aut

250 2847 290 2942 in
302 2846 349 2917 iis
360 2857 480 2944 potest
493 2842 697 2940 dispensari
712 2842 758 2916 ad
768 2843 965 2942 Episcopis
977 2899 986 2926 ,
999 2844 1061 2943 qui
1076 2860 1229 2942 possunt
1245 2845 1345 2919 hane

247 2942 461 3018 facultatem
478 2940 560 3013 aliis·
575 2931 744 3041 delegare
760 2948 884 3038 (num.
902 2942 1015 3042 256);
1036 2959 1099 3015 aut
1112 2946 1132 3015 ὲ
1143 2942 1343 3016 ,Confessa-

249 3045 314 3116 rii's
330 3038 573 3141 regularibus
592 3039 679 3130 (lib.
702 3041 722 3114 3
746 3068 782 3113 n.
804 3042 874 3126 257
896 3067 928 3116 v.
948 3041 1029 3114 lmo
1043 3042 1075 3138 )‚
1103 3055 1165 3113 aut
1189 3041 1236 3114 ab
1256 3042 1342 3116 aliis

213 3200 217 3208 .
247 3139 486 3214 confessariis
502 3165 568 3240 per
584 3138 987 3229 facultatemtubilaei,
1009 3154 1072 3211 aut
1088 3139 1236 3211 alterius
1258 3145 1341 3240 pri·

247 3239 368 3339 vilegii
382 3240 451 3314 sibi
466 3263 686 3311 concessam.
701 3239 907 3340 Loquendo
924 3241 1048 3311 autem
1061 3238 1106 3311 de
1121 3240 1340 3313 Commota⁸¹

248 3341 369 3425 tione,
387 3336 661 3412 confessarium
677 3341 859 3410 monitum
879 3363 956 3410 csse
977 3337 1081 3419 rulo,
1104 3362 1150 3407 ne
1170 3340 1216 3408 sit
1233 3365 1341 3411 scru-

247 3436 401 3536 pulosus
416 3437 511 3510 eirca
527 3441 690 3521 eausam,
705 3436 790 3533 quia
805 3435 1000 3535 quodlibet
1019 3434 1236 3507 rationabile
1250 3463 1338 3511 mo·

148 3598 149 3602 ,
244 3538 362 3623 tivum
379 3561 450 3634 pro
473 3559 579 3606 canusa
602 3533 730 3644 baberi
745 3550 891 3648 potest.
915 3533 1105 3607 Sufficiens
1130 3549 1204 3625 est,
1225 3548 1266 3608 ut
1281 3562 1337 3610 *ex

19 3675 22 3682 =
120 3710 123 3715 ,
245 3632 534 3726 commutatione
554 3635 625 3707 ¹voti
641 3634 688 3705 sit
705 3658 826 3704 minus
848 3632 1057 3732 periculum
1074 3638 1337 3733 transgressio-

244 3736 445 3832 nis·(num.
468 3733 557 3823 244,
578 3733 616 3805 in
636 3733 727 3823 line)
741 3756 752 3821 3
768 3758 838 3804 nec
855 3733 951 3805 circi
967 3734 1158 3804 materiam
1175 3733 1337 3831 aequali-

242 3850 299 3912 ter
310 3829 594 3928 subrogandum,
603 3825 713 3902 etiam
724 3856 799 3902 non
812 3832 1010 3928 requiritur
1022 3830 1336 3930 aequalitaslance

244 3924 416 4004 libranda
429 3988 437 4014 ,
451 3925 515 4003 sed
532 3927 687 4015 sufficit,
706 3945 747 4002 ut
766 3931 812 4001 sit
831 3927 982 4028 aeqoalis
1001 3929 1198 4003 moraliter.
1212 3931 1334 4004 Inter·

243 4045 347 4127 roget
368 4033 630 4129 poenitentem,
649 4054 730 4127 quae
752 4055 772 4098 o
801 4055 859 4101 era
879 4027 992 4100 soleat
1008 4053 1177 4101 exercere
1199 4046 1335 4129 praeter

244 4127 367 4201 debita·
382 4152 424 4199 ex
441 4121 643 4225 precepto,
661 4144 724 4199 aut
739 4055 884 4216 asfquae
901 4132 1078 4224 majorem
1093 4125 1227 4199 habeat
1241 4155 1333 4230 pro-

242 4222 458 4340 pensionem
476 4283 484 4317 ,
503 4240 539 4301 et
555 4226 595 4304 in
611 4250 651 4297 ea
669 4242 869 4302 commutat
888 4230 988 4300 rota(
999 4225 1246 4304 Commutatio
1264 4254 1335 4303 au·
