2942 4717
431 337 511 427 sn.
526 313 620 407 eus
635 335 757 408 nesso
774 316 939 412 offitium.
1195 342 1236 415 st

152 451 265 544 dicat,
290 479 330 529 se
358 453 539 554 poeuitere
567 450 765 527 offendisse
783 454 929 542 Deum,
956 468 1109 557 propter
1161 457 1237 532 uod

150 553 278 628 meruit
291 530 492 628 infernuffi.
507 552 636 625 Postea
650 566 776 642 curet,
792 567 830 626 ut
844 553 1013 628 eliciatur
1025 482 1238 632 actardus·

147 654 301 727 tritionis
324 651 397 727 hoc
418 649 531 725 modo
557 678 566 721 ε
592 649 670 723 Fit
680 650 732 722 mi
742 705 753 739 ,
775 651 861 752 quid
875 652 1008 751 egisti?
1022 656 1185 752 peccasti
1198 656 1237 729 in

148 750 260 826 Deum
276 775 452 824 summam
466 764 503 822 et
515 747 688 847 infindum
706 747 835 822 bonum
848 779 861 821 .·
874 751 1006 823 aunam
1023 751 1116 825 ztt’us
1133 755 1240 829 totto·

152 862 225 922 nem
253 847 419 923 habat'stt'.
437 847 609 920 Averttsti
628 842 757 928 forctem
778 863 877 921 tuom
897 848 944 922 ob
964 875 1008 924 eo
1027 879 1042 923 .·
1064 852 1245 951 prosect'stt'

154 972 222 1021 enm
229 963 321 1047 post
334 964 464 1118 wiffam
480 962 576 1021 tuum
594 975 607 1018 .·
622 946 869 1045 contempsisti
875 947 1086 1037 omt'ct'n‘om,
1103 965 1141 1023 et
1151 951 1241 1052 gro-

147 1045 229 1118 tirm
244 1046 337 1143 elias.
385 1073 426 1138 so
441 1047 521 1145 erpo
535 1100 546 1132 ‚
562 1042 645 1147 qnia
659 1041 842 1141 offendisn‘
849 1045 964 1119 Deum
977 1046 1168 1123 bonitatem
1183 1051 1241 1125 tn·

137 1143 301 1242 finitam
315 1169 408 1219 nunc
423 1168 470 1218 ex
481 1157 555 1217 toto
567 1141 670 1217 corde
683 1159 718 1215 te
727 1143 901 1240 penitet?
913 1144 1101 1220 Detestore
1113 1164 1150 1221 et
1161 1147 1242 1224 odt'o

145 1237 237 1315 tabe
248 1240 486 1342 superomnia
499 1241 595 1315 mola
608 1267 735 1316 omnes
745 1240 891 1339 insanos
905 1297 916 1333 ,
939 1243 1062 1345 potins
1071 1247 1242 1320 mamertini

146 1331 264 1414 Dentri
269 1344 343 1415 tdm
352 1340 480 1415 bonnm
487 1339 649 1514 opficisn'.
659 1339 793 1412 Nonne
794 1339 873 1439 som
876 1358 1059 1443 promptus
1067 1370 1107 1418 es
1116 1343 1242 1419 milh'es

147 1441 240 1514 mori
250 1497 260 1532 ,
277 1442 384 1541 quom
404 1438 479 1513 hec
514 1464 538 1511 n
556 1443 739 1534 posterum
760 1439 973 1514 committere
987 1445 1009 1516 ?
1025 1441 1243 1520 Notandum
1286 1521 1291 1530 ,

146 1535 209 1613 htc
234 1566 249 1613 1
298 1539 374 1614 uod
388 1539 417 1613 si
435 1536 634 1638 poenitens,
651 1537 800 1611 obtenta
814 1537 1046 1615 absolutione
1062 1596 1074 1629 ,
1091 1544 1157 1616 etsi
1173 1544 1245 1618 im·

145 1636 308 1714 mediate
335 1653 417 1739 post
441 1638 661 1711 confiteatur
684 1635 788 1710 aliud
812 1653 1029 1737 peccatum,
1052 1653 1095 1714 ut
1118 1641 1245 1717 denuo

147 1733 381 1823 absolvatur,
394 1737 428 1809 ei
440 1761 557 1810 novus
572 1750 675 1810 actus
689 1734 829 1810 doloris
844 1736 1050 1812 eliciendus
1069 1739 1138 1827 sit,
1156 1765 1246 1816 cum

144 1849 239 1911 tunc
256 1863 395 1910 novum
410 1836 474 1909 fiat
493 1834 675 1934 judicium
690 1839 704 1925 (
719 1832 744 1906 Ι.
760 1832 786 1907 6
803 1860 839 1910 n.
854 1837 938 1931 448.
956 1836 971 1932 )
986 1834 1203 1914 Notandum
1220 1863 1244 1914 2

101 1965 105 1974 ’
143 1958 226 2008 esse
246 1933 437 2037 probabile
452 1933 554 2050 apud
568 1933 691 2034 plures
704 1932 882 2009 Doctores
895 1942 910 2029 (
923 1935 1039 2009 Num.
1053 1936 1154 2036 445)
1170 1995 1180 2030 ,
1197 1937 1247 2014 ad

144 2031 242 2122 hoc,
258 2050 304 2108 ut
319 2032 509 2109 Confessio
524 2035 570 2108 sit
588 2033 869 2108 sacramentalis
881 2089 891 2121 ‚
902 2032 1036 2108 debere
1050 2061 1131 2112 eam
1149 2062 1246 2113 novo

147 2130 494 2208 doloreinformari
513 2159 523 2203 t
542 2156 668 2233 quare,
681 2157 768 2207 cam
781 2133 916 2234 aliquis
929 2133 1139 2227 confitetur,
1153 2137 1246 2237 quin

141 2231 255 2333 'prius
270 2248 371 2308 aetus
383 2230 522 2305 doloris
535 2230 783 2331 praecesserit,
797 2256 874 2305 noa
888 2230 1024 2307 suffieit
1035 2236 1050 2328 (
1062 2260 1148 2309 cum
1163 2260 1248 2335 aga·

16 2349 17 2360 ¹
146 2344 213 2404 tur
241 2330 289 2406 de
313 2330 438 2406 valore
460 2330 719 2428 sacramenti)
743 2329 776 2403 si
796 2332 989 2404 terminate
1007 2332 1248 2408 Confessiooc

126 2455 129 2462 ¹
146 2428 320 2505 eliciatur
333 2430 465 2520 dolor,
484 2429 551 2504 sed
565 2429 705 2529 requiri
721 2427 907 2529 amplius,
924 2443 965 2503 at
1005 2444 1062 2503 ost
1077 2430 1248 2507 dolorem

16 2561 17 2634 4
146 2527 319 2606 elicitum
344 2528 546 2641 replicetur
564 2526 783 2615 Confessio,
807 2526 939 2604 saltem
990 2529 1122 2604 icendo
1152 2559 1161 2603 :
1188 2555 1248 2604 me

16 2645 18 2666 ff
146 2641 280 2708 accuso
297 2629 342 2701 de
359 2625 522 2701 omnebus
540 2626 609 2717 iis,
653 2651 706 2699 nce
726 2626 831 2699 modo
846 2624 1039 2721 confierent
1056 2653 1147 2701 snm.

16 2725 21 2738 '
204 2751 262 2801 rr.
286 2725 447 2800 Demitm
461 2654 719 2801 incubendum
738 2738 794 2798 est
804 2723 1059 2815 confessario,
1075 2743 1116 2799 ut
1129 2724 1250 2827 appii·

16 2909 18 2912 ,
147 2839 211 2902 cet
223 2851 265 2898 ea
277 2824 452 2911 remedia,
469 2849 553 2925 quae
566 2825 833 2924 opportuniora
849 2821 1031 2920 judicabit
1048 2852 1115 2926 pro
1129 2825 1250 2901 salute

16 2925 18 2930 ’
148 2924 369 3027 poenitentis
383 2979 393 3012 ,
407 2924 635 3025 imponendo
648 2924 681 2999 ei
697 2949 757 3002 eas
774 2922 1038 2998 satisfactiones
1051 2980 1060 3011 .
1075 2950 1159 3028 quae
1174 2950 1251 2999 ma·

150 3027 208 3122 gis
223 3022 449 3096 conveniunt
477 3028 557 3122 ejus
589 3020 746 3113 morbo,
780 3035 816 3096 et
842 3046 901 3097 eas
920 3047 1012 3193 Quas
1047 3022 1252 3122 prudenter

150 3120 341 3223 judicabit
366 3120 477 3195 illum
506 3121 586 3197 fore
615 3127 870 3197 executurum.
896 3122 928 3195 A
957 3134 1118 3196 vertatur
1149 3124 1252 3209 hoc,

152 3220 260 3321 quod
278 3278 288 3309 ‚
303 3218 391 3293 licet
405 3219 689 3312 satisfactiones,
712 3218 871 3293 debeant
889 3219 1112 3321 respondere
1128 3223 1252 3323 culpe

152 3324 258 3420 juxta
282 3317 546 3393 Tridentinum
570 3323 585 3419 (
608 3321 701 3394 Sese.
733 3321 833 3413 140.
859 3318 940 3417 8),
966 3320 1067 3419 quod
1092 3319 1253 3395 declarat

148 3425 152 3430 '
183 3413 352 3519 anticipes
363 3414 572 3495 alienorum
586 3432 824 3520 peccatorum
836 3443 898 3491 eos
910 3415 1179 3510 confessarios,
1193 3418 1258 3518 qui

151 3444 336 3591 {sissimo
354 3516 514 3614 quodam
539 3542 646 3617 opero
661 3542 728 3616 pro
741 3514 960 3616 gravissimos
982 3515 1116 3591 dalz'cn‘s
1132 3516 1255 3614 injun-

146 3630 243 3715 gunt
254 3640 267 3698 ‚⁰
280 3611 526 3714 nihilominus
544 3618 649 3714 justis
671 3614 718 3689 de
738 3615 856 3690 causis
871 3629 991 3715 potest
1002 3615 1255 3690 confessarius

155 3715 327 3788 minuere
351 3714 613 3815 poenitentias,
633 3714 665 3788 si
683 3711 818 3815 nempe
844 3716 1031 3815 poenitens
1052 3739 1253 3811 compunc-

154 3813 260 3887 tione
277 3812 486 3888 vehementi
506 3814 660 3887 affectus
683 3816 757 3904 sit,
778 3830 841 3885 aut
857 3813 888 3886 si
906 3810 1081 3900 tubilaei,
1103 3825 1167 3886 aut
1188 3813 1255 3887 In·

160 3901 360 4011 duigentiae
386 3911 558 4012 plenariae
585 3925 711 3988 currat
737 3925 907 4011 tempos,
932 3925 970 3986 et
994 3914 1195 4009 presertim
1222 3911 1256 3988 si

16 4001 17 4016 ¹
144 4009 373 4102 ‚infirmitate
386 4010 513 4109 ‘atique
529 4070 537 4097 ‚
552 4008 626 4085 sive
639 4008 804 4110 corporis
819 4066 828 4095 ‚
843 4010 917 4084 sive
930 4009 1063 4083 auimae
1075 4067 1085 4098 ‚
1099 4009 1257 4086 laboret.
1293 4005 1295 4010 ¹

159 4108 382 4214 Et'denique
394 4112 409 4212 <
423 4123 465 4185 ut
479 4113 607 4213 paucis
619 4135 680 4190 me
692 4106 888 4215 expediam
899 4109 915 4210 )
927 4133 1075 4214 semper
1086 4126 1124 4187 et
1137 4133 1255 4240 quana
