2942 4717
306 273 369 366 786
690 282 803 352 Praxis‘
818 274 1011 354 massarii
1133 297 1136 303 “
1209 307 1211 311 ’

305 404 370 464 aut
386 389 628 470 subtilitatem
640 407 809 494 suggerat
819 448 829 482 ,
839 398 960 469 statim
975 397 1156 471 constanti
1165 400 1286 474 ¹animo
1296 413 1365 477 taa-
1384 455 1386 457 ψ

288 487 384 562 'tiam
399 495 595 589 generatim
610 493 875 592 respondeant:
888 495 968 592 Ego
981 496 1104 583 eredo,
1116 498 1210 595 quod
1218 497 1371 573 &Mam

175 645 177 648 ,
303 588 465 692 Ecclesia
481 591 617 678 credit,
626 615 702 689 quc
718 590 893 664 verr'tatem
908 592 1016 665 credit
1030 608 1066 665 et
1078 596 1265 691 coafitetur,
1282 597 1365 670 Hor·

304 700 475 785 teturque
492 688 668 762 Sacerdos
685 689 894 772 infirmum,
915 704 956 764 ut
972 690 1144 765 maximas
1161 695 1235 767 Deo
1251 697 1367 791 gratim

285 785 407 882 agat,
427 786 529 883 qnod
545 788 667 886 ipsum
687 788 726 860 in
747 787 923 863 Ecclesia·
941 789 1065 863 sinum
1086 788 1132 864 ab
1150 791 1368 865 incunabulis

305 884 470 984 accipere
484 883 658 981 dignatus
677 887 723 959 sit
740 910 750 972 ς
775 885 935 985 ideoque
956 914 995 960 se
1013 888 1052 960 in
1074 890 1154 989 ipsa
1175 890 1247 963 fide
1266 888 1370 989 usqol

305 981 352 1054 ad
367 997 569 1056 extremum
587 986 667 1057 ritae
684 1008 912 1080 perseverare
934 985 1029 1059 velle
1043 989 1266 1086 profiteatur.
1279 990 1366 1062 Proe·

305 1080 438 1176 cipuus
453 1078 727 1154 tamennodus
743 1137 752 1166 ‚
775 1096 813 1155 et
827 1083 951 1156 utilior
966 1083 1013 1156 ad
1030 1084 1246 1182 hujusmodi
1260 1101 1367 1158 tenta·

301 1177 423 1252 tiones
433 1179 661 1295 repellendas
674 1180 743 1252 erit
755 1196 915 1254 mentem
930 1180 1209 1273 alibdirertere,
1220 1184 1370 1281 aliosque¹

302 1278 422 1349 varios
442 1278 574 1352 elicere
584 1292 721 1369 actus,
740 1278 874 1378 nempe
890 1281 1135 1365 contritionis,
1151 1284 1250 1381 spei,
1265 1281 1367 1355 chari·
1435 1303 1436 1312 ¹

304 1375 387 1447 tatis
408 1381 491 1474 ergb
513 1377 655 1468 Deum,
671 1389 709 1449 et
727 1376 878 1451 similes.
892 1379 946 1451 De
962 1379 1123 1479 quodam
1136 1382 1290 1455 Doctore
1299 1378 1370 1454 ttet-
1435 1431 1436 1458 r

304 1470 484 1548 larminus
500 1476 631 1561 refert,
645 1475 746 1575 quod
760 1475 839 1565 bic,
854 1476 944 1552 dum
960 1478 998 1550 in
1014 1493 1132 1552 morte·
1146 1505 1229 1552 cum
1243 1477 1367 1553 daemo-

240 1609 243 1614 >
303 1597 352 1644 ne
365 1572 540 1647 disserere
558 1573 604 1647 de
619 1573 781 1673 quodam
798 1575 884 1648 fidei
896 1575 1052 1649 articulo
1063 1577 1238 1665 voluerit,
1253 1577 1368 1676 decep

303 1681 363 1743 tus
381 1671 644 1761 succubuerit,
665 1688 701 1745 et
719 1688 887 1747 mortuus
903 1678 962 1750 sit.

327 1795 329 1800 ·
355 1770 436 1867 239.
463 1770 500 1843 Si
518 1774 670 1845 tentatio
690 1786 813 1845 tamen
834 1774 951 1871 pergit
970 1798 1115 1860 vexare,
1135 1772 1298 1848 ostendat
1315 1766 1368 1844 in·

304 1867 435 1954 firmo.
454 1866 556 1968 quod
571 1884 705 1942 nostrae
720 1868 805 1942 fidei
820 1875 833 1966 (
871 1894 911 1948 er
922 1896 961 1943 se
974 1886 1107 1945 sanctae
1119 1887 1182 1957 ,set
1193 1872 1369 1946 inumera·

304 1968 352 2037 lae
369 2020 377 2050 ,
396 1969 413 2037 d
430 1968 655 2068 pauperibus
676 1896 918 2062 piscatoribus
967 1994 1006 2042 er
1025 1984 1147 2043 totum
1164 1970 1286 2054 orbem
1306 1968 1368 2041 dif-

303 2063 411 2152 fusae,
437 2080 490 2138 tot
516 2064 721 2151 miraculis,
741 2094 785 2139 ac
813 2081 867 2139 tot
891 1995 1053 2142 miilinm
1079 2084 1279 2170 martyrum
1296 2093 1369 2141 san·

303 2163 429 2261 guina,
442 2166 506 2262 qui
518 2166 630 2237 vitam
641 2190 746 2237 suam
762 2190 829 2265 pro
843 2167 922 2263 ipsa
937 2167 1235 2253 immolaverant,
1251 2166 1372 2243 confir·

304 2275 415 2338 matre
428 2263 441 2355 )
456 2277 671 2361 argumenta
681 2261 765 2337 luce
775 2263 928 2338 clariora
938 2266 1030 2365 sint„
1044 2262 1372 2340 etmanifestbillatn

304 2384 430 2434 veram
454 2387 531 2434 esse
551 2361 793 2462 patefaciant,
819 2361 906 2435 licet
925 2388 1005 2454 res,
1029 2390 1120 2478 quas
1148 2368 1228 2466 ipsa
1257 2365 1370 2445 docet,

305 2482 409 2533 nuno
429 2481 495 2559 per
517 2459 714 2559 speculum
738 2461 785 2533 inv
800 2462 990 2556 aenigmate
1014 2464 1229 2555 ‘rideamus3
1249 2487 1325 2535 nam
1346 2458 1370 2532 si

305 2559 489 2658 mysteria,
500 2558 546 2632 de
566 2557 700 2659 quibus
716 2585 784 2632 nos
800 2560 964 2645 instruit,
978 2574 1098 2635 essent
1115 2563 1306 2650 evidentia,
1318 2556 1371 2630 ubi

304 2671 399 2744 essct
420 2658 591 2731 meritum
606 2658 691 2730 fidei
705 2659 720 2730 l
734 2681 817 2757 quae
834 2656 1022 2732 idebfides
1036 2659 1192 2747 dicitur,
1237 2659 1290 2732 uia
1304 2681 1369 2744 res,

305 2779 397 2854 quas
409 2754 534 2845 docet,
550 2755 717 2833 obscurae
729 2769 816 2829 sunt
826 2769 862 2829 et
875 2783 949 2830 non
961 2774 1189 2858 apparentes.
1202 2688 1294 2833 iiiuc
1306 2755 1371 2828 dlo-

177 2854 180 2864 ’
305 2861 385 2924 tum
405 2853 500 2927 tuit:
520 2851 646 2942 Beati,
663 2851 727 2953 qul
745 2854 1012 2947 non'rlderunt,
1029 2872 1066 2930 et
1089 2857 1311 2930 crediderunt.
1323 2854 1370 2927 Jo.

307 2973 410 3023 aua
441 3009 448 3022 .

358 2974 442 3140 add.
469 3049 514 3121 ll.
542 3039 725 3123 Adversis
751 3050 989 3125 tentationem
1008 3049 1275 3151 desperationis.
1297 3051 1370 3125 Hac

305 3158 362 3221 est
375 3147 715 3247 praecipua-tentatio
727 3203 738 3233 ,
752 3152 825 3248 qui
838 3150 1002 3224 infernus
1015 3151 1265 3226 vehementius
1279 3171 1372 3247 aegro-

305 3261 361 3319 tos
380 3247 545 3347 impetit3
565 3246 665 3319 unde
684 3242 761 3320 illis
780 3246 826 3319 de
845 3249 1144 3347 divinajlusritta,
1166 3250 1214 3324 de
1233 3252 1372 3325 damna·

303 3357 440 3420 torum·
456 3346 577 3444 poenis
600 3343 728 3445 loqui,
749 3372 951 3443 eorumque
972 3364 1111 3447 patrata
1130 3349 1371 3459 scelera‘erag·

306 3468 456 3542 gerare,
476 3444 651 3516 Sacerdos
668 3461 815 3536 caveat,
836 3446 903 3519 sed
918 3447 1040 3545 potibs
1057 3449 1170 3548 ipsis,
1188 3448 1324 3521 fiducia
1338 3463 1370 3514 tn

300 3538 555 3617 misericordia
569 3543 655 3627 Dei,
675 3543 868 3617 Salvatoris
883 3546 1068 3644 passione,
1089 3545 1221 3620 divinis
1234 3541 1370 3645 promis·

307 3642 377 3725 sis,
398 3655 432 3715 et
453 3643 520 3717 Dei
541 3644 665 3717 Matris
682 3643 940 3721 intercessione
960 3660 1174 3745 argumenta
1195 3646 1371 3718 insinuen-

306 3755 382 3814 tur.
868 3797 871 3804 .
971 3811 972 3814 ,

359 3840 444 3931 241-
472 3838 637 3913 Primum
649 3836 761 3937 igitiar
776 3852 909 3915 nostrae
922 3841 1000 3941 spei
1016 3843 1190 3916 motivum
1205 3855 1258 3914 est
1271 3835 1373 3910 divina

306 3936 578 4023 misericordia,
594 3937 684 4010 dum
695 3938 795 4012 Deus
811 3955 984 4026 vocatur,
1001 3956 1037 4020 et
1048 3939 1130 4015 rere
1142 3954 1195 4013 est
1209 3952 1305 4039 pater
1315 3932 1372 4006 nri·

164 4056 166 4061 ’
213 4112 217 4118 ,
307 4035 591 4119 aericordiarum
609 4028 665 4132 ¹(aa
684 4037 769 4111 Cor.
796 4037 975 4138 17).Ipse
997 4042 1158 4116 occurrit
1180 4039 1288 4111 etiam
1307 4054 1370 4105 non

308 4129 561 4232 quaerentibus
572 4159 624 4215 'ae
639 4134 901 4232 adorauerunt,
911 4136 980 4238 *qui
994 4164 1068 4214 uon
1091 4137 1294 4239 quassans!
1310 4149 1371 4206 nea
