2942 4717
413 285 464 354 nx
481 284 939 380 annosissimam
962 304 965 309 >
987 288 993 297 ⁴
1125 259 1208 379 ani
1242 352 1247 357 .

160 395 650 486 Porronttuncprocedaturad·
672 389 1206 488 araricnemCanonirarts‚pra÷
1315 424 1317 429 ·

122 485 229 551 cedere
243 483 337 550 debet
353 484 451 549 trium
465 504 659 552 annoruma
682 486 784 550 sentia
795 533 806 570 ,
818 501 887 550 tum
903 483 1112 573 expedienda
1126 501 1203 556 aunt
1305 494 1308 501 “

123 586 179 638 tres
194 572 356 637 citationes
366 587 476 641 contra
487 569 667 649 absentem,
681 572 738 662 qui
755 571 830 637 dein
844 570 1075 659 exspectandus
1087 586 1133 638 est
1140 592 1200 672 per

122 678 172 723 sex
184 678 325 733 menses,
345 657 448 747 iisque
464 654 600 746 elapsis,
617 660 643 724 si
660 678 726 724 non
743 672 944 748 compareat,
958 655 1000 722 ad
1013 671 1204 729 sententiam

122 744 304 835 prirationis
318 743 523 844 procedatur.
538 745 586 808 lta
603 765 643 809 ex
660 746 704 811 D.
721 744 756 810 S.
774 747 809 808 G.
828 741 873 807 ib.
932 770 935 777 r
1011 774 1013 779 ·
1125 796 1129 801 .

159 829 305 915 Attamen
320 832 404 897 intra
425 828 487 895 boo
502 829 684 906 triennium
701 831 931 920 expectationis
946 829 1078 919 procedi
1098 846 1206 919 potest

121 915 159 980 ad
181 916 418 1004 suspensionem
442 912 658 1016 delinquentis
682 918 772 1006 juxtb
790 916 1031 1005 dispositionem
1054 920 1094 980 Ca
1122 964 1131 981 .
1154 917 1205 983 Ex

121 1016 193 1086 tua,
209 1003 248 1067 dc
263 999 376 1068 Cleric.
397 1024 464 1067 non
489 1001 586 1068 resrd.
610 1000 708 1088 Quod
728 1005 823 1068 etiarn
842 1002 912 1068 fieri
930 1017 1036 1092 potest
1052 939 1204 1072 inclroaiit
1227 1002 1232 1009 ¹

118 1089 178 1178 jam
193 1088 245 1152 ria
260 1088 457 1178 procedendi
473 1090 492 1152 a
506 1085 651 1155 Concilio
668 1091 875 1179 prascripta3
892 1104 1120 1154 attamentuno
1135 1112 1205 1179 per-

117 1174 252 1325 gllgpldum
267 1197 343 1326 gupa
368 1190 416 1241 est
438 1174 480 1240 ad
493 1177 685 1242 sententiam
705 1174 911 1267 privationis.
931 1176 981 1240 lta
998 1197 1038 1239 ex
1053 1175 1097 1240 D.
1114 1174 1148 1242 S.
1165 1181 1202 1244 C.

152 1283 161 1323 t
189 1280 246 1325 .n.
315 1308 324 1327 .
412 1296 439 1309 .‚
521 1304 524 1311 ,
572 1302 577 1313 ·
624 1306 627 1311 -
843 1326 845 1333 ,

157 1346 280 1432 Quoad·
292 1345 534 1414 distributiones
554 1351 652 1412 Cone.
679 1346 772 1412 'Ibid-
798 1345 879 1414 Sess.
905 1345 943 1412 51
965 1369 993 1412 c.
1015 1345 1034 1412 3
1060 1346 1101 1414 de
1125 1347 1201 1416 Rei.

110 1434 257 1517 amandat,
269 1449 307 1499 ut
322 1421 519 1523 separetur}
533 1433 629 1500 Missa
642 1430 816 1521 Capitulari
832 1433 1009 1523 tertiapars
1023 1433 1201 1512 fructuum,

87 1582 90 1587 ,
116 1540 181 1608 quae
191 1519 356 1586 dividatur
364 1521 448 1586 inter
457 1536 625 1610 praesentes
635 1519 756 1585 divinis
770 1517 881 1585 officiis
898 1521 1086 1586 assistentes.
1100 1521 1201 1590 Addit

115 1606 189 1670 verb
208 1606 297 1671 idern
314 1603 523 1691 Concilium,
532 1605 620 1696 quod
634 1606 660 1670 ¹si
676 1605 870 1691 dignitates,
888 1620 1120 1695 etpersonatus
1137 1608 1204 1672 Eo-

116 1688 278 1758 clesiarum
287 1689 522 1761 Paroebialium
557 1707 589 1758 et
605 1688 850 1780 Collegiatarum
867 1692 1053 1777 muneribus
1068 1695 1133 1758 suis
1143 1694 1200 1769 de·

105 1775 247 1855 duerint,
262 1780 417 1845 amittant
442 1740 706 1862 distributiones,
733 1801 804 1868 quae
829 1801 869 1869 ap
893 1775 1032 1842 licentur
1045 1776 1200 1845 *natrice

101 1861 278 1951 Ecclesiae,
294 1864 350 1932 val
361 1865 452 1938 alteri
470 1868 525 1955 pio
543 1864 636 1949 loeo,
656 1864 788 1945 arbitrio
811 1864 857 1930 Or
879 1866 986 1928 inarii.
1002 1863 1100 1949 Quod
1116 1887 1200 1954 pos·-
1240 1938 1242 1942 ,

114 1962 245 2039 tremum
269 1948 460 2039 intelligitur
483 1951 524 2017 de
545 1951 762 2038 dignitatibus
779 1952 899 2035 reditus
919 1972 991 2016 suos
1009 1949 1203 2020 habentibus

107 2035 131 2100 ‘a
150 2036 270 2126 Mensa
281 2035 456 2128 capitulari
481 2036 646 2126 discretis,
663 2058 738 2103 nam
754 2035 817 2105 ille
827 2085 838 2124 ,
861 2058 931 2128 quae
948 2037 1146 2128 participant
1161 2059 1204 2110 en

97 2123 218 2190 'eadem
234 2147 365 2208 mensa,
386 2122 626 2191 distributiones
651 2127 821 2214 amittunt,
843 2125 899 2199 sed
919 2145 989 2215 quae
1017 2141 1201 2193 accrescunt

113 2210 331 2297 presentibus.
349 2216 428 2277 inst.
448 2208 534 2276 Eccl.
553 2233 613 2300 107
629 2233 664 2274 n.
681 2212 736 2276 41.
790 2222 793 2225 ’
922 2264 925 2269 ,

152 2296 248 2363 Vetat
268 2298 399 2387 insuper
414 2319 538 2364 sacrum
556 2293 736 2363 Concilium
753 2316 827 2361 sess.
848 2293 889 2358 24
906 2317 935 2360 c.
957 2315 996 2361 aa
1013 2295 1052 2361 de
1067 2295 1141 2362 nef.
1159 2318 1202 2364 ne

104 2379 257 2449 -Cborales
272 2404 379 2450 secum
392 2385 533 2449 invicem
544 2386 763 2477 paciscantur,
777 2403 818 2446 ne
833 2379 1028 2447 mulctentur
1043 2382 1201 2450 absentes.

103 2463 205 2534 *Vetat
221 2471 318 2536 eriam
328 2492 376 2535 ‘ne
385 2473 485 2557 gratis
492 2469 716 2535 condonentur
732 2465 972 2551 distributiones
989 2469 1044 2553 iis,
1062 2469 1118 2558 qui
1131 2473 1200 2537 nou

101 2552 337 2642 :interfuerim
355 2558 408 2622 cul
423 2557 726 2622 Decreto'insistens
746 2553 835 2621 Μ.
852 2552 950 2622 Cone.
970 2558 1094 2645 semper
1109 2577 1202 2644 nega·

102 2642 158 2707 ivit
169 2642 279 2710 valere
293 2646 375 2709 'istas
389 2642 654 2709 condonationes.
672 2639 755 2706 ibid.
772 2662 807 2705 n.
827 2640 883 2705 42.
1052 2666 1055 2671 ·

105 2764 111 2777 ·
144 2727 222 2796 lloo
240 2746 350 2796 tamen
370 2752 438 2795 non
463 2728 614 2795 obstante
632 2728 680 2793 ias
703 2742 751 2794 est
772 2726 934 2878 Episcopo
955 2742 1042 2793 trans
1081 2748 1199 2795 essores

111 2813 184 2901 istos
198 2814 334 2882 ulteribs
352 2818 488 2906 punire,
514 2830 551 2882 ut
567 2815 683 2904 saepiirs
705 2811 871 2904 respondit
914 2816 972 2877 .G.
989 2811 1033 2877 ibi
1061 2859 1070 2878 .
1090 2835 1124 2881 n.
1142 2815 1198 2881 44.

101 2926 107 2933 ·
152 2905 309 2970 Gaeterbm
323 2924 396 2968 cnm
411 2900 544 2968 Sacrum
560 2898 738 2968 Concilium
748 2896 1028 2989 exceptosjudioet
1039 2897 1079 2963 ab
1092 2922 1128 2965 ea
1140 2900 1201 2968 dis·

105 2982 323 3067 ‘tributionem
346 2988 516 3054 amissione
537 2985 632 3073 illos,
647 2994 728 3078 q'uos
752 2986 942 3068 infirmitas,
962 3007 1017 3051 seu
1037 2989 1145 3075 justa,
1168 3005 1201 3057 et

111 3073 308 3140 rationabilis
324 3096 378 3161 cor
403 3072 498 3141 oralis
513 3075 696 3159 necessitas,
707 3088 763 3140 aut
772 3072 905 3152 evidens
913 3068 1061 3137 Ecclesiae
1076 3072 1199 3143 utilitas

98 3166 235 3227 excusat
244 3186 256 3248 3
270 3160 351 3226 bino
390 3166 446 3227 .G.
460 3161 599 3249 censuit,
610 3163 645 3225 in
661 3183 700 3228 eo
717 3181 824 3249 rerum
840 3173 958 3224 eventu
973 3155 1117 3225 absentes
1131 3182 1198 3229 non

112 3250 235 3314 unttm
248 3268 320 3314 suas
334 3246 575 3315 distributiones
590 3268 657 3312 non
672 3249 837 3328 amittere,
848 3244 903 3309 sed
918 3241 1200 3332 lucrariaugmen·

111 3345 195 3419 turn,
208 3335 300 3426 qnod
317 3335 354 3400 fir
369 3356 409 3400 en
424 3331 704 3399 distributionibus
713 3331 892 3397 absentium
907 3330 976 3395 sine
991 3352 1096 3419 causa.
1108 3332 1199 3419 Quin

112 3433 143 3482 et
162 3422 188 3484 si
210 3420 289 3512 *quis
310 3419 475 3486 discedens
500 3422 518 3483 b
544 3420 673 3484 civitate
690 3440 785 3485 sanus
799 3419 987 3517 proponens
1001 3415 1140 3482 reditum
1154 3420 1198 3488 'ad

102 3504 275 3573 civitatem
290 3520 369 3597 post
385 3504 415 3581 le
432 3504 561 3586 'itimam
578 3506 800 3584 uacationem,
817 3503 843 3587 si
858 3503 988 3583 interim
1055 3502 1198 3587 ritudine

107 3589 286 3683 afficiatur,
303 3616 363 3681 nec
380 3531 484 3659 redire
506 3589 622 3682 possit,
640 3590 746 3658 adhinc
770 3587 1027 3675 distributiones·
1046 3603 1199 3681 iteratur,

101 3680 186 3761 »atsi
197 3698 336 3770 presens
344 3676 424 3747 ass'et
432 3680 466 3744 in
474 3677 624 3752 civitate,
638 3693 676 3744 ut
690 3677 883 3771 ex‘Decpeto
899 3674 933 3742 S.
951 3677 992 3738 Gr
1004 3672 1084 3740 ibid.
1095 3679 1197 3748 nuto.

152 3765 283 3832 Verum
298 3786 364 3834 non
382 3767 491 3832 ‘omnis
507 3765 668 3852 egritudo*
677 3779 828 3848 excusat,
845 3783 914 3827 nee,
928 3782 1198 3855 ornnesrsenrper,

108 3868 183 3920 nam
198 3853 225 3918 si
244 3847 332 3956 quis,
347 3848 427 3918 curn*
435 3855 569 3920 sanitate
584 3849 711 3918 ualebat
720 3852 890 3936 ,interesse
906 3843 1108 3934 negligebat,
1119 3866 1198 3936 tune

108 3941 165 4007 etsi
182 3940 372 4027 egritudine
390 3954 558 4028 gravetur,
570 3937 811 4025 distributiones
826 3957 892 4003 uon
907 3933 1053 4020 obtinet,
1066 3950 1102 4001 ut
1115 3958 1197 4004 oen-

106 4024 542 4113 ‘ullSrClellldrIloss-Jo*
717 4104 719 4107 Ι
852 4070 858 4079 ·
904 4038 974 4113 ‘'‘w
1057 4074 1060 4081 -
1102 4044 1106 4049 ⁵

150 4112 304 4197 Accidere
321 4128 427 4178 minen
440 4127 560 4202 posset,
569 4127 607 4179 ut
663 4109 768 4177 isnon
781 4122 944 4175 vetaretur
959 4104 1091 4199 quidem
1106 4110 1196 4179 exire

104 4192 285 4288 donao‚'ted
295 4188 582 4297 egritudinegq'ue
645 4198 729 4269 citur
738 4244 751 4287 ,
760 4195 870 4266 adesse
877 4191 981 4263 Clioro
988 4194 1020 4261 ei
1034 4215 1102 4262 non
1115 4218 1196 4290 pes..

545 4096 547 4103 ι
