2942 4717
397 289 437 380 ,ς
451 290 510 361 tv.
528 285 620 360 Circb
637 288 760 360 iudicis
774 269 939 360 Officium.
1171 263 1217 364 55'

123 403 286 491 terialis,
306 405 444 502 nempe
461 403 540 477 sine
559 429 670 503 pravo
686 404 809 477 animo
826 404 978 502 prolata.
996 404 1048 479 Et
1062 404 1218 507 quidem

127 504 321 578 invisente
341 502 440 578 certe
462 502 606 601 Corpus
618 517 682 588 „et
697 505 830 575 Anima
846 502 955 576 simhl
976 508 1148 580 existunt.
1165 507 1217 580 Et

128 629 238 701 quare
267 616 420 682 nonest
444 601 636 674 mortale?
665 604 753 701 quia
785 604 850 701 qui
867 602 1055 676 maledicit
1072 604 1217 680 homini

123 702 258 776 viventi
281 726 358 774 non
381 725 526 801 semper
547 701 701 799 proximi
724 702 866 773 Animae
882 699 1043 775 intendit
1059 702 1218 777 maledi·

126 827 227 886 cere,
253 814 291 871 et
317 798 580 890 contumeliam
601 799 737 872 inferre
753 797 967 872 substantioe
982 798 1064 888 illi,
1083 803 1122 875 in
1141 828 1217 901 qua

130 897 330 998 specialiter
340 899 463 996 imago
477 897 544 970 Dei
557 897 750 995 splendet,
761 895 826 970 sed
839 898 1051 997 praescindit
1063 899 1109 972 ab
1124 901 1217 975 Ani·

133 1023 184 1069 ma
201 996 450 1095 respicienda,
466 1011 504 1068 et
517 998 565 1069 itt
581 1022 725 1093 gravem
743 1023 817 1068 non
832 998 1032 1071 committit
1047 999 1216 1090 culpam.

128 1097 193 1187 Qui
205 1096 390 1169 Creatoris
408 1094 722 1169 irrationabilibus
739 1093 925 1169 maledicit
944 1094 1102 1189 (docent
1114 1096 1217 1173 idem

123 1192 168 1268 D.
189 1194 355 1267 Thomas
378 1196 450 1270 loc.
468 1195 532 1266 cit.
548 1210 616 1268 art.
632 1220 674 1281 2,
692 1208 729 1267 et
746 1195 900 1290 omnes)
915 1197 945 1267 si
960 1220 1020 1268 eas
1036 1197 1186 1297 respicit
1204 1251 1218 1289 ,

123 1293 160 1364 in
181 1291 367 1392 quantiam
391 1307 479 1365 sunt
506 1294 691 1366 Creaturae
714 1292 804 1378 Dei,
831 1292 1035 1367 mortaliter
1060 1311 1220 1393 peccat,'

122 1415 324 1491 veramque
339 1406 459 1488 patrat
472 1389 763 1491 blasphemiam
778 1417 854 1464 non
873 1391 961 1465 verb
975 1395 1047 1491 jam
1065 1395 1096 1469 si
1121 1419 1218 1495 prae·

124 1490 264 1561 scindit
277 1488 385 1561 abeis
401 1489 676 1585 considerandis
689 1487 731 1562 itt
743 1491 852 1581 tales,
869 1505 906 1563 et
920 1489 1067 1564 tanttm
1077 1492 1128 1567 eis
1145 1519 1220 1567 ma·

122 1587 255 1661 ledicit
280 1587 487 1662 secundirm
516 1615 554 1663 se
578 1589 839 1678 consideratis,
858 1588 1065 1688 etquidem
1085 1617 1218 1665 omnes

122 1689 214 1786 ipsae
245 1701 332 1760 sunt
356 1686 539 1762 Creaturae
558 1686 638 1761 Dei.
664 1690 723 1761 En
740 1687 842 1786 quod
858 1687 905 1760 D.
925 1687 1087 1760 Thomas
1103 1690 1217 1766 etiam

123 1786 381 1883 praecisionem
409 1786 506 1861 hauc
527 1786 706 1859 admittat.
725 1785 779 1859 Itt
809 1787 963 1884 pariter.
981 1787 1046 1886 qui
1062 1788 1218 1859 Mortuis

119 1883 330 1968 maledicit,
344 1886 374 1956 si
387 1885 640 1971 maledicit‚in
652 1884 835 1986 quantirm
846 1883 894 1957 ad
907 1885 1056 1958 Animas
1071 1887 1230 1974 eorum,

119 1986 278 2083 graviter
293 1998 447 2081 pcccat;
475 2009 551 2058 non
571 1999 694 2058 autem
717 1986 748 2056 si
763 1983 993 2082 praescindit,
1012 1998 1048 2058 et
1060 1984 1217 2059 Mortuis

119 2080 338 2168 maledicit,
389 2085 451 2156 uin
479 2082 688 2184 specialiter
711 2083 864 2157 Animas
885 2083 1066 2182 respiciat.
1084 2085 1218 2158 Dicere

120 2197 268 2269 autem,
289 2108 390 2277 quod
405 2207 555 2268 omnes,
571 2183 634 2280 qui
654 2180 884 2254 maledicunt
903 2181 1069 2266 Morbos,
1085 2208 1217 2256 omnes

122 2283 200 2379 jam
227 2279 423 2354 intendant
450 2281 560 2354 etiam
583 2304 714 2353 eorum
743 2278 947 2353 Animabus
967 2278 1216 2374 maledicere,

22 2399 24 2464 3
121 2404 190 2478 ego
216 2391 253 2450 et
274 2393 328 2450 tot
353 2378 415 2451 alii
431 2377 674 2462 Confessarii,
691 2379 913 2478 poenitentes
930 2377 1189 2476 interrogando
1204 2433 1219 2464 .

22 2545 23 2564 ,
121 2477 336 2576 oppositum
357 2480 618 2577 comperimus.
638 2476 759 2550 Tanti)
771 2479 904 2573 magis,
918 2475 1016 2574 quod
1030 2476 1218 2553 ordinari&

22 2629 24 2676 ;
119 2576 180 2649 isti
192 2635 202 2662 ‚
214 2577 280 2675 qui
300 2577 451 2650 Mortuis
471 2576 722 2661 maledicunt,
737 2600 811 2647 non
831 2581 907 2671 jam
923 2600 984 2646 eos
1001 2574 1136 2648 laedere
1153 2577 1219 2648 in-

22 2689 24 2724 ³
121 2674 302 2758 tendant,
321 2672 387 2747 sed
408 2676 527 2763 vivos,
548 2674 685 2776 quibus
701 2671 749 2745 ad
770 2674 885 2746 instar
904 2674 1219 2750 contumeliarum

22 2835 23 2870 ᾖ
118 2771 336 2871 hujusmodi
361 2774 637 2848 maledictiones
652 2774 830 2873 dirigunt.
845 2771 1111 2845 Verumtamen
1136 2771 1218 2847 haec

122 2887 179 2945 est
199 2874 349 2945 materia
364 2873 473 2963 lacti,
493 2876 650 2973 quisque
667 2871 922 2947 confessarius
939 2871 977 2943 in
993 2870 1065 2944 boc
1076 2928 1085 2960 ,
1098 2873 1218 2972 poeni·

121 2986 262 3085 teptem
288 2969 485 3070 diligenter
509 2971 799 3071 interrogando,
826 2971 960 3073 poterit
985 2995 1025 3046 se
1053 2974 1074 3044 a
1098 2970 1217 3048 dubio

120 3095 291 3144 exrmerc.

172 3170 304 3242 Dicere
328 3184 450 3242 autem
475 3168 577 3266 quod
601 3225 612 3261 ,
637 3169 726 3245 licet
757 3168 841 3270 quis
871 3165 959 3243 solis
983 3166 1219 3246 Mortuorum

122 3268 343 3366 corporibus
372 3268 593 3343 maledicere
618 3269 806 3356 intendat,
834 3293 903 3341 nec
930 3268 1079 3340 etiams
1104 3266 1219 3365 culpa

120 3368 217 3463 gravi
243 3369 410 3440 excusari
430 3372 567 3465 possit,
591 3384 740 3466 propter
760 3379 992 3466 respectum,
1011 3391 1125 3466 quem
1147 3368 1220 3439 Ec·

123 3464 233 3537 clesia
263 3453 376 3539 habet
402 3468 610 3567 Corporum
637 3467 906 3554 Mortuorum,
938 3466 990 3536 eis
1019 3473 1219 3544 incensum

121 3563 324 3662 praebendo
341 3620 351 3653 ,
371 3567 465 3662 aqud
492 3565 634 3638 lustrali
653 3593 689 3637 as
720 3561 900 3661 ergendo,
921 3576 1059 3637 etcum
1082 3588 1221 3661 pompa

121 3662 338 3760 sepeliendo
353 3691 361 3732 :
374 3662 506 3739 Nescio
521 3719 530 3750 ,
548 3591 738 3763 quomodo
758 3664 840 3763 quis
855 3661 903 3734 ob
924 3661 1019 3734 hanc
1036 3661 1218 3735 rationem

120 3759 162 3833 id
183 3760 336 3835 suadere
361 3763 430 3836 sibi
462 3767 589 3862 possit.
618 3761 714 3844 Nolo
752 3762 840 3835 huic
866 3761 1065 3835 immorari.
1087 3757 1219 3833 Paucis

124 3884 184 3933 nae
209 3860 428 3961 expediam,
448 3877 484 3935 et
508 3861 618 3946 dico,
647 3860 751 3961 quod
781 3860 969 3959 praedictae
1005 3857 1217 3931 functiones

122 3984 197 4031 nou
215 3960 290 4032 sint
305 3960 458 4060 quidem
476 3960 721 4034 exhibitiones
735 3960 892 4054 alicujus
909 3954 1031 4031 colafis
1048 3954 1222 4055 Religiosi

124 4061 208 4155 erga
226 4057 389 4156 Corpora
406 4060 639 4133 Mortuorum
656 4117 665 4142 ,
682 4058 747 4131 sed
766 4057 911 4130 tanthm
925 4053 1094 4156 quaedam
1112 4082 1220 4132 caere·

123 4159 280 4252 monice,
308 4184 398 4261 quas
415 4157 585 4234 Ecclesia
598 4158 709 4236 etiam
724 4162 809 4259 erga
822 4157 982 4236 virentes
998 4152 1167 4243 adhibet,
1181 4153 1224 4230 Sl
