2942 4717
236 282 340 377 Capit·
356 282 431 355 vu.
446 284 469 374 ς
482 282 540 353 111.
553 283 726 374 Qnomodd
743 307 816 354 cum
829 285 977 355 Devotis-
1107 307 1152 376 99

91 398 177 480 tatis,
193 398 238 471 itt
254 398 424 497 inquiens
441 394 507 469 :Si
522 395 768 492 Carrfersarrias
784 398 947 496 proclivis
964 394 1073 470 attcut
1090 424 1151 467 aa·

92 496 179 569 nitati
185 512 363 594 appareat,
375 512 541 579 materam
553 523 630 569 curn
646 493 721 594 epse
735 497 784 569 sit
793 522 922 580 canus,
938 521 1047 568 vanas
1060 495 1152 566 alr'os

95 594 205 686 affirm.
235 596 430 692 Propterea
460 597 593 696 poterit
618 621 696 668 esse
728 601 822 693 justa
849 620 957 666 causa
982 590 1153 666 mutandi

96 692 232 765 delectus
252 693 453 783 doctrinae3
471 693 517 766 de
536 693 607 765 hoc
625 707 748 766 tamen
765 706 903 767 certam
922 707 1067 788 oportet
1087 687 1153 763 ha·

96 790 164 863 tere
185 792 519 889 praesumptionem.
543 792 597 863 De
624 808 776 879 cetero,
803 793 851 863 ait
880 792 917 863 S.
948 790 1152 878 Theresia,

98 887 230 986 quotide
247 887 369 962 dubiis
389 885 483 963 bend
499 892 613 989 possit
635 891 818 988 poenitens
840 888 930 962 alios
953 887 1081 960 doctos
1096 885 1155 959 di-

102 1001 226 1060 rectores
242 988 435 1060 consulere
451 1043 461 1076 ,
475 987 551 1061 imo
567 986 767 1087 aliquandd
786 990 855 1059 hoc
875 985 1027 1060 omuind
1044 1009 1157 1085 expe·

103 1079 164 1167 dia.
188 1089 221 1178 4.
247 1086 370 1158 Eritet
399 1086 648 1161 Confessarius
674 1085 865 1186 partialem
892 1111 931 1157 se
959 1085 1154 1157 ostendere

99 1210 162 1253 curn
176 1182 299 1291 aliquo
315 1185 528 1283 poenitente.
547 1185 707 1277 Quidam
723 1184 771 1258 ad
786 1184 949 1284 aliquam
967 1184 1079 1256 animi
1091 1182 1157 1256 be·

94 1282 317 1355 nerolentiam
332 1285 439 1355 nimis
454 1282 651 1381 adjiciunt3
662 1307 748 1357 cum
763 1281 826 1356 illa
843 1305 990 1358 omnem
1006 1307 1155 1371 curam,

91 1393 231 1477 tempus,
246 1396 286 1455 et
302 1379 465 1455 laborem
485 1383 688 1456 insumunt.
712 1380 797 1455 Non
821 1382 1032 1476 negandum
1052 1381 1158 1465 iore,

91 1479 247 1578 utaliqua
268 1485 390 1553 anima
409 1481 632 1581 quandoque
659 1482 788 1579 majori
807 1479 968 1575 indigeat
986 1478 1157 1551 assisten-

90 1577 151 1665 rit,
168 1582 278 1675 quam
295 1576 385 1663 alia3
403 1578 469 1651 sed
482 1578 552 1651 alia
570 1594 625 1652 est
633 1580 834 1652 assistentia
848 1634 858 1664 ,
879 1580 952 1651 alia
965 1591 1020 1651 est
1033 1577 1158 1650 adhae-

88 1673 132 1746 sio
145 1731 153 1758 ,
167 1701 248 1774 quae
266 1675 378 1750 efficit
390 1731 400 1766 ,
414 1690 455 1749 ut
467 1679 611 1776 parcior
625 1703 714 1750 cura
732 1678 777 1750 de
792 1675 873 1749 aliis
891 1674 1158 1774 poenitentibus

87 1771 260 1849 labentur.
287 1773 375 1849 Ideo
388 1774 578 1874 expediet,
596 1775 698 1891 quod
717 1774 970 1849 Confessarius
991 1797 1158 1872 personae

85 1868 132 1942 illi
146 1872 380 1972 indigentiori
398 1872 560 1989 aliquem
579 1875 675 1948 diem
693 1890 757 1947 aut
771 1891 917 1973 ternpus
936 1870 1158 1973 particulare

86 1970 252 2067 assignet,
272 1974 361 2070 quin
380 1970 442 2045 alii
462 1972 742 2046 incommodum
756 1972 944 2071 recipiant.

34 2161 35 2170 ἵ
130 2095 202 2143 ror.
229 2069 444 2143 Notandum
459 2073 494 2145 5.
516 2071 617 2171 quod
636 2072 675 2144 in
693 2070 921 2170 excipiendis
948 2068 1162 2144 Confessio·

34 2221 35 2260 ,
85 2164 182 2240 uibus
211 2167 346 2245 harum
376 2195 614 2267 personarum
634 2168 885 2269 spiritualium
906 2167 1158 2242 Confessarius

34 2271 35 2334 l
84 2289 197 2339 carere
213 2266 367 2357 debeat,
390 2293 437 2341 ue
466 2270 573 2342 rrimis
595 2269 740 2342 attollat
755 2293 903 2355 vocem,
925 2271 1091 2367 quamvis
1111 2267 1158 2340 de

83 2365 230 2457 peccatis
248 2392 326 2439 non
343 2364 541 2466 loquatur:
566 2367 649 2468 quia
669 2393 712 2440 ex
732 2366 804 2440 hoc
827 2365 994 2438 accidere
1021 2379 1162 2461 potest,

84 2461 173 2559 quod
189 2462 251 2537 alii
267 2481 507 2562 expavescant
521 2493 603 2541 suas
629 2464 758 2563 culpas
777 2465 968 2548 confiteri,
988 2463 1036 2538 ob
1056 2463 1159 2535 hunc

34 2611 35 2652 ,
85 2559 1161 2663 timorem,quodConfessariusaltaroceloquatur.6.Non

85 2658 265 2750 sitlaeilis,
284 2660 334 2734 ad
347 2663 634 2759 permittendum
651 2662 791 2736 devotis
808 2660 964 2761 puellis,
983 2674 1024 2732 ut
1043 2658 1160 2758 capil-

34 2771 35 2842 ξ
84 2751 133 2829 los
148 2759 374 2857 praecidant,
393 2777 429 2833 et
453 2761 615 2860 aliquem
640 2759 797 2834 induant
822 2758 988 2832 habitum
1011 2758 1162 2856 religio·

34 2911 35 2954 ,
82 2880 154 2947 aum
169 2857 262 2944 ;sed
276 2874 404 2944 curet,
425 2875 467 2932 ut
478 2861 564 2960 ipsae
607 2858 680 2932 riira
696 2886 762 2959 per
782 2859 943 2932 multum
958 2871 1104 2955 tempus
1120 2857 1168 2942 in,

34 2961 35 3044 l
84 2954 148 3026 rita
161 2887 940 3054 spiritualietinvirtutiluslixiirsradicatae
953 2959 1037 3029 sint.
1050 2957 1164 3054 Prop

34 3129 35 3140 2
84 3064 132 3125 ter
155 3056 265 3127 istam
289 3055 439 3142 nimiam
469 3056 679 3130 facilitatem
708 3055 1046 3139 confessariorum,
1071 3068 1164 3153 quot

34 3155 35 3160 ’
83 3153 207 3249 puellae
233 3162 359 3254 postea
384 3153 548 3229 habitum
575 3156 784 3244 dimittunt,
802 3169 839 3228 et
860 3151 1008 3251 nuptias
1032 3154 1165 3225 ineunt

85 3274 161 3323 cum
178 3253 357 3326 seandalo
374 3254 465 3344 loci,
481 3269 518 3327 et
540 3253 636 3326 malo
656 3252 825 3352 exemplo
845 3249 1022 3324 aliarum!
1038 3276 1072 3346 7.
1089 3251 1165 3323 Ne·

85 3350 223 3449 quehis
241 3350 374 3449 puellis
387 3349 576 3450 indulgeat
596 3350 848 3428 confessarius
863 3407 872 3434 ,
888 3364 929 3422 ut
949 3354 968 3421 a
987 3349 1071 3422 viris
1096 3348 1165 3421 do·
1230 3379 1237 3392 ·

84 3466 229 3522 ceantur
248 3449 368 3548 legere
385 3508 395 3541 ,
412 3464 449 3522 et
464 3447 566 3524 tantd
582 3449 702 3524 minias
721 3449 893 3523 scrihere.
911 3450 1012 3541 Quot
1028 3447 1165 3545 puellae

85 3547 292 3644 simplices,
312 3549 399 3649 quia
423 3546 634 3623 didicerunt
657 3550 801 3646 legere,
824 3550 956 3620 animae
983 3551 1165 3644 jacturam

84 3636 203 3719 luxere
221 3649 230 3718 Ι
250 3644 340 3722 Haee
354 3649 384 3721 si
402 3664 545 3721 nonest
564 3650 729 3749 proxima
747 3649 886 3747 peccati
907 3646 1049 3718 occasio
1065 3698 1074 3727 ‚
1089 3640 1166 3715 sal-

86 3739 153 3815 tem
168 3759 226 3819 est
243 3770 319 3817 non
337 3744 466 3845 parlim
481 3745 695 3844 periculosa.
712 3748 748 3819 Si
767 3746 923 3845 cupiunt
936 3742 1023 3816 talia
1040 3739 1167 3818 addia-

86 3865 186 3935 cere,
202 3858 359 3936 curent,
377 3860 419 3919 ut
431 3846 632 3919 doceantur
648 3843 695 3918 ab
713 3844 836 3946 aliqua
854 3841 1027 3928 muliere,
1044 3854 1106 3911 aut
1119 3836 1165 3911 ab

87 3938 210 4040 aliquo
234 3941 345 4015 fratre
370 3944 548 4041 partulo(
564 3960 600 4018 et
614 3941 737 4018 adlrirc
759 3968 846 4017 cum
866 3937 1053 4033 cautela),
1075 3935 1167 4010 alio-

87 4041 175 4137 quin
196 4067 256 4113 eas
273 4066 349 4114 non
370 4039 561 4129 absolrat,
592 4063 661 4116 nec
688 4041 797 4114 etiam
822 4036 984 4112 absolvat
1009 4052 1167 4124 matres,

86 4137 254 4237 que'hoc
270 4143 505 4241 permittunt,
521 4142 560 4226 ὃ.
586 4140 717 4243 Neque
734 4137 915 4218 concedat
932 4135 1095 4213 foeminis
1109 4139 1177 4235 juv
1206 4144 1209 4148 ’
