2942 4717
115 4169 120 4176 ,
234 4095 341 4189 gini,

232 334 281 405 18
548 339 567 373 ·“
615 313 728 402 l’rixis
742 313 950 402 contenuit

234 445 356 544 magis
375 442 542 520 utile's'it
569 445 778 544 paenitenti.
810 447 986 539 Quamvis
1016 426 1138 520 autern
1167 449 1325 525 maxime

235 544 329 618 utile
347 546 395 619 sit
414 547 605 644 imponere
627 546 948 618 sacramentorum
966 543 1324 644 frequentationem,

235 647 440 717 orationem
471 641 694 725 mentalem,
718 658 754 716 et
778 641 1053 741 eleemosynas,
1084 642 1324 719 nilrilominirs

234 743 356 843 praxis
370 740 499 833 habet,
513 741 578 814 has
592 740 699 815 reddi
714 741 908 814 damnosas
922 748 981 826 iis,
1000 743 1063 841 qrai
1078 759 1140 815 aut
1153 743 1248 817 nihil
1265 759 1327 817 aut

234 840 368 943 pariam
395 842 605 934 habuerunt
626 841 768 913 ‘horum
784 842 1200 924 usum.²Satisluctiones
1217 844 1329 915 utiles*

234 942 440 1040 generatim
459 938 710 1039 pro-omnibus
730 937 920 1013 haesoleut
945 964 1022 1013 esse
1036 940 1240 1028 ,nimir'ia'm
1261 951 1327 1042 ag·⁴

234 1037 376 1139 gregari
392 1038 790 1136 alicuicongregationi
807 1065 816 1107 z
837 1039 1005 1138 quolibet
1024 1041 1162 1139 vesperi
1179 1039 1326 1132 (saltem

233 1136 282 1212 ad
301 1139 474 1238 tempus)
496 1153 619 1211 actum
638 1137 778 1209 doloris
803 1135 953 1224 elicere,
971 1154 1008 1210 et
1027 1137 1195 1236 quolibet
1220 1136 1325 1211 mand

232 1238 467 1338 propositum
479 1245 654 1316 renovare
666 1292 674 1320 ,
687 1230 848 1309 dicendo
862 1261 949 1309 cum
958 1237 994 1310 S.
1006 1234 1181 1335 Philippo
1191 1234 1301 1308 Nerio
1315 1262 1328 1304 z

230 1336 408 1428 Domine,
424 1361 472 1408 ne
488 1333 633 1429 arafirras
646 1331 752 1406 hadri?
767 1359 897 1406 marrus
908 1351 989 1406 tuor
1002 1339 1025 1403 d
1039 1361 1113 1418 me,
1130 1362 1176 1406 ne
1188 1339 1326 1428 tuipro·

231 1433 325 1508 dt‘tor
349 1433 480 1527 officim
496 1464 508 1506 :
525 1433 683 1507 Visitare
704 1432 873 1531 quotidie
899 1432 1172 1507 sanctissimum
1196 1435 1327 1506 Sacra-

230 1529 421 1618 mentum,
434 1549 471 1608 et
484 1533 685 1629 Imaginem
705 1553 855 1630 quoque
868 1531 991 1605 Mariae
1008 1534 1265 1619 sanctissimae,
1281 1527 1334 1616 ab¹

231 1636 287 1707 eis
304 1637 584 1733 perseverantie
598 1630 751 1729 gratiam
770 1630 1022 1730 postulando:
1044 1631 1184 1703 Rosarii
1198 1627 1329 1702 saltem

230 1736 379 1805 tertiam
401 1730 562 1827 partem,
587 1744 696 1803 atter
712 1729 970 1802 salutationem
987 1727 1204 1825 Angelicam
1222 1726 1329 1800 mania
1347 1761 1350 1767 ¹

232 1844 271 1903 et
290 1831 452 1930 vesperi,
470 1827 631 1903 dicendo
646 1856 655 1899 ι
673 1827 798 1899 Matar
814 1852 893 1900 mea
918 1827 1049 1922 adura
1068 1852 1124 1898 me
1138 1827 1265 1908 hadre,
1283 1849 1329 1894 ne

231 1928 314 2000 Deo
326 1954 481 2026 peccem.
499 1926 632 2011 (Hanc
649 1939 775 1998 tamen
795 1927 1055 2024 poenitentiam
1073 1941 1128 1998 ter
1150 1918 1332 1998 recitandi*

232 2024 493 2101 salutationem
516 2024 732 2122 Angelicam
750 2051 837 2098 com
859 2025 1035 2124 praedicta
1055 2023 1329 2124 supplicatione

232 2150 301 2222 ego
317 2125 540 2225 plerumque
557 2122 687 2197 solitos
709 2122 764 2195 lui
785 2124 998 2222 injungere,
1017 2137 1080 2216 aut
1095 2121 1225 2197 saltem
1243 2146 1330 2192 con·

231 2221 353 2297 aulere
379 2224 450 2307 iis,
482 2225 547 2323 qui
572 2226 613 2295 el
640 2224 703 2295 uti»
724 2247 802 2295 uon
828 2220 989 2296 solerent
999 2236 1025 2318 ).
1044 2219 1138 2295 Cum
1158 2219 1333 2314 cubitum-

231 2322 386 2405 iveriot,
408 2319 532 2394 dicere
556 2320 731 2394 inlecto:
748 2321 857 2393 Nunc
876 2320 966 2392 mihi
975 2317 1333 2414 morandomfuuset

231 2418 270 2492 in
294 2417 435 2507 Inferni
452 2419 554 2519 r'grrr,
572 2436 635 2494 aut
657 2417 805 2492 dicere:
825 2420 950 2492 Veniet
967 2417 1065 2509 dies,
1092 2443 1161 2515 quo
1181 2414 1271 2488 milri
1284 2413 1328 2485 o'u

232 2516 302 2591 hoc
314 2518 403 2591 lecto
422 2517 636 2590 moriendum
655 2518 730 2589 erit.
746 2517 812 2603 Iis,
830 2518 895 2617 qui
915 2517 1035 2616 legere
1048 2521 1189 2606 sciunt,
1205 2531 1243 2590 et
1261 2538 1331 2610 po-

232 2615 418 2690 tissimirm
441 2616 734 2704 Ecclesiastico,
779 2615 919 2689 ‘uotidie
947 2616 1067 2714 legere
1095 2615 1258 2714 aliquem
1279 2611 1328 2683 li·

231 2714 346 2788 brum
372 2713 416 2787 de
440 2714 553 2789 rebus
577 2642 832 2813 spiritualilius
860 2729 1039 2812 agentem.
1058 2715 1184 2786 Monet
1205 2726 1329 2804 autem

230 2814 268 2887 S.
284 2813 504 2887 Franciscns
524 2813 682 2908 salesius
699 2815 898 2903 (Instruct.
915 2812 1027 2907 Cous.
1046 2838 1081 2885 c.
1101 2812 1147 2909 8)
1162 2839 1238 2884 non
1253 2815 1331 2881 esse

232 2911 461 3010 gravandum
486 2911 728 3011 poenitentem
754 2908 882 2984 multis
904 2909 1036 3004 rebus,
1054 2936 1101 2983 ne
1118 2906 1329 2985 confunda-

233 3027 297 3084 tur
313 3025 349 3081 et
366 3011 539 3084 terrefiat.
769 3023 771 3028 ’
895 3039 897 3042 ’

286 3109 344 3183 ι5.
370 3110 585 3183 Sermonem
613 3124 736 3182 autern
763 3109 928 3182 lactarus
954 3106 1001 3182 de
1028 3105 1227 3197 remediis,
1250 3126 1330 3205 qnae

231 3206 415 3281 insinuari
441 3207 580 3282 debent
603 3208 890 3306 poenitentibus,
907 3207 1012 3295 dico,
1029 3206 1100 3280 alia
1115 3234 1194 3280 esse
1215 3227 1328 3305 gene·

230 3304 348 3392 ralia,
373 3306 446 3379 alia
473 3304 709 3406 particularia
738 3333 806 3407 pro
834 3305 959 3407 aliquo
987 3310 1072 3379 vitio
1096 3300 1324 3406 particulari.

231 3404 425 3478 Generalis
454 3404 627 3478 omnibus
658 3406 912 3490 insinuanda,
943 3420 1033 3477 sunt
1066 3432 1078 3477 1
1109 3430 1214 3477 amor
1243 3402 1327 3496 erga

229 3501 374 3596 Deam,
396 3530 482 3578 oum
502 3506 579 3604 ipse
601 3502 648 3577 ad
666 3503 768 3578 hunc
788 3505 909 3576 solum
927 3504 1037 3576 finem
1053 3528 1120 3575 nos
1137 3500 1340 3575 creaverit

228 3604 281 3678 Et
297 3619 445 3678 curetur
465 3604 623 3702 pariter,
647 3618 691 3674 ut
708 3604 890 3702 poenitens
909 3617 1106 3698 cognoscat
1126 3627 1255 3700 pacem
1272 3599 1329 3686 in·

229 3701 417 3785 teriorem,
435 3705 507 3801 qul
518 3700 730 3788 donantur,
748 3701 812 3800 qui
827 3702 894 3774 Dei
911 3701 1069 3772 amicitia
1084 3699 1276 3785 fruuntur,
1291 3707 1330 3766 et

230 3800 425 3875 lnlernnm
443 3857 451 3882 ,
467 3824 580 3901 qoem
599 3799 681 3873 ante
696 3815 844 3898 tempus
861 3799 1121 3899 experiuntur,
1138 3801 1201 3897 qui
1216 3792 1328 3870 alieni

230 3911 320 3971 sunt
344 3903 363 3971 a
387 3901 467 3973 Deo
483 3927 492 3983 3
511 3898 636 3971 addita
652 3899 820 4067 pernicie
839 3895 1051 3998 temporali,
1071 3923 1182 3997 quam
1202 3898 1326 3968 secum

230 3994 346 4069 trahit
390 4013 570 4072 occatum.
596 4024 630 4069 a.
676 3997 754 4096 aepe
771 4023 813 4069 se·
829 3996 1088 4070 commendare
1103 3998 1221 4068 Beatse
1235 3991 1327 4061 Vir·

363 4024 560 4172 llosarium
587 4095 804 4185 recitando,
829 4121 867 4168 se
899 4092 1160 4168 commendare
1184 4085 1325 4189 angelo

233 4193 413 4316 custod,
430 4208 469 4271 et
487 4193 599 4272 alicui
616 4195 749 4270 sancio
767 4194 948 4295 peculiari
966 4195 1174 4296 protectori.
1197 4193 1219 4269 3
1237 4193 1326 4266 Fre*
