2942 4717
133 317 135 321 ,
177 308 201 341 =.
238 318 269 347 ι,
358 223 370 243 κ
399 246 450 316 Ex
466 245 775 339 operibusBenediti
791 246 881 343 ΧΙΧ.
1003 242 1034 323 J
1147 246 1213 316 ⁴23

127 372 241 443 stetur,
263 371 300 423 ut·
320 356 488 427 definitum
512 344 547 437 in
572 361 654 447 Cap.
673 352 828 426 Praeterea
848 357 889 423 de
904 361 1053 426 convers.
1075 359 1211 445 Coniug.

44 524 46 529 Ι
129 447 203 545 v'Catu
216 438 312 594 guia,
324 443 451 531 Agatho
466 465 519 533 ²7·
537 438 602 532 Qu.
620 464 646 509 2.
656 441 828 534 Capeum
841 445 904 529 sis,
914 444 953 510 de
964 447 1116 510 Convers.
1126 450 1218 515 Con-

43 550 45 583 *
144 552 473 599 u,r.n.1o.rr.,
1014 580 1017 585 ,

130 550 146 624 l
165 553 240 681 lton
251 617 326 682 verb
337 602 652 705 sufficit,si¹rnuliere
661 611 864 701 Religionem
872 615 1031 705 ingressi,
1044 612 1123 681 alter
1140 638 1213 697 eon·
1322 658 1326 685 t

130 700 262 775 ‘urnon
275 724 488 774 senensacros
504 701 642 777 Ordines
650 702 800 790 suscipiat
813 749 824 786 ,
836 723 880 781 ,er
890 701 1215 789 Constitutgloannis

126 721 230 855 llel.
241 785 397 879 ‘Antiquae
408 821 418 873 ,·
430 791 480 857 tit.
498 786 547 869 De
562 788 640 867 Voti
653 788 882 876 redemptione.
935 868 937 873 Ι

89 928 92 943 ,
170 872 201 936 si
222 874 299 940 verb
318 872 461 962 legitimi
476 871 645 964 probatum
663 872 761 938 luerit
782 871 974 959 adulterium
993 864 1119 959 uxoris,
1144 894 1216 963 quat

115 955 199 1036 ,dein
218 962 329 1026 transit
340 963 381 1027 ad
399 956 619 1048 Religionem,
637 974 714 1024 tunc
734 960 893 1047 integrum
909 962 980 1027 viro
993 976 1037 1027 est
1054 961 1088 1025 in
1100 948 1216 1026 saeculo

125 1052 269 1130 manere,
280 1045 570 1129 dummoddtamen
580 1044 846 1112 castitatisvotum
859 1047 992 1119 emittat.
1004 1048 1051 1113 ltb
1060 1045 1218 1117 exDecii.

126 1123 190 1194 ss:
202 1128 318 1221 Congr.
330 1131 410 1198 ibid.
422 1152 456 1199 n.
474 1133 522 1198 15.
798 1187 801 1194 .
828 1188 831 1197 .
1165 1179 1171 1186 ·

168 1212 338 1315 Quinetin
355 1242 493 1304 eocasu,
507 1214 533 1285 si
546 1239 586 1283 ex
601 1215 717 1306 Episco
742 1217 944 1283 itestimonio
954 1233 1092 1302 constet,
1108 1219 1216 1284 virum

100 1320 104 1329 ’
127 1298 285 1386 insaecnlo
302 1322 483 1373 manentem
498 1306 574 1370 vitre
592 1302 656 1371 esse
669 1326 727 1393 pro
751 1319 809 1369 atae
819 1351 830 1388 ,
840 1306 1026 1373 conceditur
1042 1302 1089 1370 illi
1102 1329 1160 1396 per
1171 1307 1223 1369 in·

127 1385 273 1475 duleum,
287 1407 322 1459 ut
332 1389 423 1467 nullu
429 1414 460 1457 se
473 1390 622 1459 castitatis
631 1405 709 1456 voto
726 1387 868 1475 obliget,
886 1391 966 1457 adeb
980 1407 1016 1457 ut
1024 1408 1095 1483 post
1108 1391 1219 1457 uxoris
1266 1419 1268 1423 ¹

126 1490 262 1626 splopltem
273 1479 372 1630 ppssit
379 1478 420 1544 ad
429 1476 505 1545 alins
520 1477 649 1566 nuptias
658 1477 803 1542 transire.
817 1475 864 1551 lta
877 1499 917 1543 ex
931 1475 1101 1585 resolptisb
1112 1477 1217 1564 Cong.

130 1578 177 1623 ιι
205 1585 289 1628 .n.1
317 1612 327 1630 .
687 1586 691 1598 ²

170 1645 364 1717 Concessum
381 1667 426 1731 est
442 1648 536 1719 et'ibm
552 1646 726 1738 uliquendb
743 1644 906 1714 indultum
924 1651 996 1714 viro
1014 1651 1220 1757 sexagenario

127 1734 261 1822 majori,
272 1752 308 1801 ut
317 1737 499 1805 Sacerdotio
511 1736 630 1802 initiari
646 1751 751 1825 posset
761 1734 936 1800 dummodd
951 1757 1033 1802 uxor
1044 1738 1110 1801 fere
1125 1759 1221 1803 sesa·

126 1821 259 1904 genaria
282 1840 469 1926 perpetuam
494 1823 667 1887 castitatem
683 1836 827 1887 voveret.
854 1819 935 1885 ibid.
962 1822 1157 1895 Concessum
1174 1837 1221 1888 est

125 1907 221 1973 etiam
266 1924 302 1975 ut
315 1933 367 1976 vrr
376 1908 635 1999 septuagenarius
651 1907 691 1973 de
703 1928 857 1972 consensu
871 1909 981 1973 uxoris
996 1909 1153 2009 acciperet
1167 1931 1222 1973 sa-

127 2012 197 2081 cros
250 1993 371 2072 rdines,
389 2012 419 2062 et
434 1993 612 2084 uxotparis
626 1991 886 2059 aetatisTertisrae
898 1992 1044 2061 hobitum
1060 1995 1223 2082 indueret,

128 2076 310 2147 dummodb
327 2082 466 2148 diversas
483 2079 615 2146 omoind
632 2079 714 2145 tedes
732 2077 921 2146 incolerent.
1158 2134 1161 2137 r

174 2164 213 2230 In
233 2166 377 2255 ingressu
387 2164 579 2234 Monialium
590 2165 861 2233 inMcnasterium
872 2166 955 2233 dotis
967 2164 1084 2234 solutio
1099 2189 1228 2258 oppro-

125 2244 220 2317 batur
241 2275 300 2340 ea,
322 2278 393 2346 quae
417 2255 512 2339 datur
531 2274 599 2318 non
622 2252 662 2316 nd
679 2255 854 2338 ingressum
876 2252 910 2317 in
928 2250 1149 2339 Religionem,
1168 2252 1225 2323 sed

124 2330 185 2426 pro
201 2356 394 2428 contractu,
433 2362 506 2406 nem
520 2338 598 2405 facit
609 2335 735 2426 Religio
757 2359 829 2403 cum
842 2335 918 2424 illa,
935 2360 1006 2427 quae
1023 2340 1225 2427 ingreditur»,

127 2420 280 2512 obligans
304 2451 369 2495 sese
394 2364 521 2516 aleius
541 2425 814 2489 sustentationem.
840 2423 874 2488 Si
897 2426 975 2490 verb
995 2425 1227 2491 Monasterium

127 2530 185 2600 per
201 2533 241 2577 se
252 2512 293 2578 sit
306 2514 416 2591 dives,
434 2528 472 2583 ut
483 2507 624 2593 sufficere
640 2533 680 2576 ex
698 2508 763 2575 suis
778 2510 878 2599 possit
894 2508 1086 2593 Monialium
1098 2527 1228 2595 susten-

126 2596 264 2683 taticui,
287 2615 364 2665 tunc
376 2601 486 2691 utique
503 2612 665 2686 praestaret
680 2597 788 2662 dotem
805 2596 1014 2682 imminuere,
1031 2600 1110 2689 quin
1130 2600 1228 2664 etibm

129 2685 263 2773 penitus
294 2688 473 2771 remittere,
497 2705 689 2775 quamquam
720 2683 755 2747 id
786 2683 945 2767 agendum
975 2705 1041 2749 uon
1073 2700 1135 2769 est,
1165 2684 1230 2749 nisi

131 2770 225 2858 prius
240 2771 384 2839 consulta
402 2774 436 2838 S.
454 2774 611 2857 congreg.
632 2767 780 2836 Consilii.
797 2770 846 2835 De
860 2767 982 2858 Synod.
997 2770 1099 2837 Dioec.
1111 2768 1135 2836 l.
1149 2795 1185 2836 rr
1199 2793 1229 2837 s.

135 2857 347 2925 6n.6uov.
367 2860 468 2926 edie-
553 2898 558 2917 ι
873 2886 901 2901 ·*
1089 2884 1092 2887 ·

179 2942 299 3029 Quoad
313 2946 449 3035 prandia
460 2991 472 3030 ,
482 2967 596 3031 coenrs,
613 2961 795 3019 etmunem,
804 2961 875 3031 quae
890 2937 929 3004 ab
939 2939 1139 3030 ingrediente
1152 2941 1230 3008 Mo-

130 3028 235 3095 niales
260 3032 394 3117 exigunt
405 3034 422 3118 l,
438 3054 642 3122 perseverare
675 3045 781 3099 censet
795 3027 946 3093 Pontifex
977 3027 1231 3118 prohibitionem

131 3115 258 3197 factam,
274 3114 314 3179 ab
330 3117 462 3185 Urbano
479 3117 523 3187 V.
543 3120 676 3186 Extrav.
693 3118 708 3182 l
725 3119 775 3182 De
792 3113 936 3183 Simoniu
952 3117 1036 3183 inter
1045 3115 1169 3197 Corum.
1181 3116 1233 3181 De

129 3200 260 3290 Synod.
278 3200 379 3281 Diorc.
399 3202 423 3269 l.
444 3206 480 3269 1'1
497 3202 530 3269 c.
547 3202 613 3270 b'n.
631 3224 701 3289 911.
720 3227 750 3279 e.

152 3354 155 3359 .
177 3286 317 3354 Modum
342 3305 448 3357 tamen
479 3291 712 3380 imponendum
731 3288 911 3380 sumptibus
940 3303 1174 3378 apparatuum,
1202 3304 1235 3355 et

134 3375 437 3445 commessr'rtionum
453 3399 490 3441 ac
505 3398 717 3467 pomparum,
735 3399 806 3468 quae
824 3376 907 3442 fiunt
930 3375 1234 3460 indugressuuto-

130 3458 295 3543 nialiunt',
313 3479 420 3535 censet
435 3462 585 3529 Pontifex
628 3484 703 3531 usus
722 3462 905 3552 opportune
923 3461 985 3526 hac
1005 3461 1038 3525 in
1056 3483 1090 3527 re
1106 3461 1234 3531 doctri-

129 3546 177 3613 nd
197 3545 335 3614 Navarri
351 3551 385 3613 in
402 3549 459 3614 Tr.
479 3547 518 3615 de
534 3511 639 3616 Redd.
658 3547 747 3615 Eccl.
765 3554 799 3613 in
815 3548 875 3612 fin.
892 3571 955 3637 pr..
988 3593 997 3610 .
1014 3546 1062 3611 ib.
1080 3570 1114 3611 n.
1136 3571 1167 3633 7.

142 3638 147 3647 '
179 3632 339 3700 Moniales
355 3632 568 3720 Regularibus
584 3634 732 3726 subjector
748 3658 787 3700 ex
798 3633 945 3701 Trident.
963 3569 1044 3699 bers.
1064 3634 1105 3701 25
1122 3634 1161 3698 de
1176 3632 1239 3702 Re·

110 3716 207 3809 gul.
241 3741 269 3783 c.
298 3720 532 3788 summario
563 3721 628 3789 loci
656 3725 819 3812 tamqubm
842 3716 997 3805 Delegato
1024 3719 1238 3808 subjiciuntur

134 3805 248 3897 qnbad
270 3803 459 3877 clausuram.
480 3809 518 3874 ld
538 3811 614 3877 verb
637 3806 802 3875 declarans
824 3805 998 3893 Gregorius
1013 3805 1076 3872 XV
1091 3807 1126 3869 in
1141 3804 1238 3870 Con-

130 3893 304 3963 stitutione
327 3917 383 3959 sua
409 3918 442 3959 n.
473 3894 525 3959 18.
553 3894 685 3981 statuit,
708 3894 924 3961 Confessarics
951 3914 1060 3957 earum
1080 3888 1239 3977 regulares

131 3975 175 4042 ab
196 3977 273 4076 ipsis
293 3981 357 4044 suis
378 3979 607 4070 Superioribus
627 3982 797 4072 deputatos
814 4003 876 4069 pro
892 3976 1141 4044 confessionibus
1156 3977 1239 4043 ulo-

69 4096 75 4105 ·
130 4060 330 4138 nialrumffiab
349 4067 377 4131 E
402 4069 510 4157 iscopo
535 4067 763 4159 approbandos
788 4088 875 4133 esse..
889 4065 1002 4130 Eidem
1024 4065 1121 4129 etiam
1138 4064 1235 4152 Epis-

132 4169 221 4241 copo
238 4089 438 4224 reddendlm
459 4176 523 4251 esse
543 4158 707 4226 rationem
727 4151 825 4245 abiis
839 4152 895 4246 qui
916 4149 1002 4221 bons
1017 4147 1145 4220 illarum
1165 4149 1234 4233 ael-f.
