2942 4717
263 276 272 291 ·
313 253 328 283 ¹
372 243 610 343 ''Ex“epe'ribus
623 250 788 319 benedicti
802 251 893 319 xiv.
1113 243 1178 316 445

91 352 307 448 stt-eguisse
323 360 356 427 in
367 360 519 429 Claustris
538 384 603 427 non
625 363 763 448 degens,
781 364 806 428 si
819 362 864 427 ab
876 360 938 427 illis
946 360 1097 428 abscessit
1112 380 1177 429 non

74 446 291 542 praeobtentai
302 448 482 540 Superioris
497 449 592 514 venii
603 495 613 533 ‚
625 465 840 538 negeturque,
854 449 911 514 etsi
923 465 1021 535 gestet
1031 447 1178 537 religiosa

77 527 304 610 indumenta,
321 551 353 603 et
367 537 511 601 animum
529 533 684 600 redeundi
701 536 858 620 retineat,
875 533 969 600 debet
983 535 1023 599 ab
1041 535 1178 623 Episco-

77 642 132 711 po*
140 617 237 706 loci,
257 620 314 686 ubi
336 636 497 706 moretur,
510 623 551 685 in
569 643 724 686 carcerem
742 621 879 704 con'ici,
902 638 935 687 et
954 620 1178 773 Superioribus

77 703 295 795 regularibus
303 707 483 794 consignari
494 707 692 806 ,secundnm
707 707 799 793 Regu
812 730 863 772 am
867 708 993 859 punien
1018 730 1072 791 us,
1090 724 1125 772 ut
1136 726 1178 772 ex

75 794 228 860 Decreto
242 793 287 860 ¹S.
309 793 468 882 Congreg.
495 790 628 858 Concrbr
651 793 691 857 ab
708 793 841 860 Urbano
899 795 955 858 ill.
974 794 1189 858 confirmato.'

77 878 164 945 ibid.
184 879 270 946 Haeo
286 895 482 946 tarnenrera
494 895 590 964 sunt,
607 881 668 944 nisi
681 877 811 947 aliunde
827 896 969 964 constet,
984 877 1175 965 Regulerens

77 962 177 1032 illum
194 988 232 1032 se
254 966 445 1052 subtraxisse
459 964 499 1030 ab
521 965 727 1031 immoderata
745 966 916 1033 severitate
926 965 1106 1054 Superioris
1122 963 1178 1031 lo-

77 1050 160 1117 calis
176 1099 188 1136 ‚
207 1067 250 1118 ut
271 1068 412 1119 recurrat
426 1049 579 1118 adalium
592 1050 795 1139 Superiorem
813 1056 976 1140 majorem.
995 1052 1075 1117 ibid.

87 1180 94 1191 ·
121 1135 309 1223 Regulares
326 1137 558 1226 incorrigibiles
573 1135 690 1227 expelli
706 1155 838 1227 possunt
853 1139 893 1203 ab
908 1137 1055 1221 Ordine,
1071 1137 1176 1227 quid·-

79 1225 164 1314 quid
182 1241 299 1291 vetera
315 1225 350 1291 S.
368 1225 486 1311 Congr.
501 1224 625 1290 decreta
642 1222 719 1301 olim
734 1248 769 1289 rn
786 1225 981 1292 eontrarium
993 1236 1176 1306 statuemur,

76 1316 179 1463 mli
195 1312 297 1411 noris
309 1312 457 1378 Decretis
469 1310 610 1403 ejusdem
622 1308 783 1398 Congreg.
800 1309 937 1376 Consilii
952 1310 1106 1376 firmatur.
1127 1309 1173 1374 ib.

79 1417 117 1463 n·
136 1421 152 1463 l
183 1443 194 1462 0
671 1446 675 1453 ¹

88 1532 94 1545 .
110 1480 643 1569 sstncorrtgibittsrero'censetur,
665 1482 720 1572 qui
744 1481 891 1550 omnibus
907 1485 1029 1548 inustus
1041 1497 1090 1548 est
1105 1481 1174 1546 im-

104 1568 262 1636 robitatis
270 1568 504 1636 characteribus
517 1572 551 1633 in
563 1568 581 1632 J
584 1590 638 1634 ure
654 1569 817 1634 eanonico
828 1570 913 1635 adid
923 1569 1105 1654 designatis.
1116 1569 1189 1637 Dea

125 1670 139 1720 t
167 1657 328 1745 praeterea
355 1656 541 1722 antecedere
562 1655 734 1733 carceratis
757 1677 811 1720 sex
837 1658 993 1721 mensium
1011 1658 1044 1719 in
1065 1654 1173 1743 poeni-

83 1743 211 1818 tentia,
229 1757 264 1807 et
281 1743 423 1831 jejunio,
441 1765 478 1808 ac
500 1741 798 1808 tandemsententia
813 1737 1023 1806 Prouincialis
1035 1740 1177 1828 ejusdem

59 1825 297 1913 'Prouinciae‚
324 1827 475 1896 consultis
500 1830 605 1894 tamen
635 1847 690 1892 sex
713 1825 784 1893 aliis
813 1849 851 1892 ex
874 1827 984 1893 eadem
1006 1824 1175 1892 Provincia

82 1911 502 2001 Religiosispdesignendis
525 1914 559 1978 in
583 1911 838 2001 Congregetione
855 1909 1067 2003 provinciali,
1093 1933 1177 1976 con·-

83 1998 320 2090 inmundisque
335 2003 353 2065 b
369 1996 723 2090 SuperioreGenerali,
744 1998 796 2065 cui
810 2013 967 2067 reservata
982 2013 1028 2064 est
1043 1994 1177 2063 facultas
1213 2002 1217 2007 “

78 2084 204 2151 'iterum
225 2086 584 2152 retractandi-eamdem
606 2106 753 2171 causam,
776 2100 809 2152 et
825 2086 965 2195 priorem
985 2084 1176 2153 senteutiam

83 2171 279 2323 rpypeandi.
296 2174 396 2239 Itbex
410 2173 589 2240 novissimis
605 2171 747 2238 Decretis
765 2178 797 2239 S.
815 2176 1009 2258 hungregat.
1026 2167 1174 2237 concilii.

83 2278 95 2323 l
120 2281 130 2322 ι
158 2303 169 2325 0
188 2281 228 2325 n·
252 2281 267 2323 1
296 2303 304 2323 Ι
443 2306 450 2318 ἱ
562 2278 566 2283 .
659 2309 663 2322 r

89 2368 99 2385 ’·
126 2343 167 2410 ln
182 2280 896 2433 confibiendisincorrigibilitatisprocessibus
910 2341 1019 2409 'valent
1036 2340 1084 2407 illi
1096 2367 1107 2427 3
1117 2343 1175 2431 qui

84 2429 286 2497 adnormam
294 2427 497 2517 regularum,
514 2446 546 2497 et
559 2431 825 2499 consuetudinum
841 2430 996 2520 ejusmodi
1013 2429 1175 2495 Ordinunr

85 2515 285 2589 formantur.
303 2515 384 2583 ibid.
1170 2562 1173 2569 ·

125 2601 208 2669 Lata
222 2619 333 2669 contre
349 2606 464 2693 ejectos
479 2605 635 2673 sententia
644 2603 839 2671 notificanda
855 2601 936 2670 estE
961 2601 1176 2691 iscopoordi-

86 2690 179 2756 nario
187 2688 256 2757 loci
268 2711 365 2774 ,non
378 2706 414 2755 ut
429 2691 470 2756 de
481 2687 535 2755 illa
552 2707 719 2777 cognoscat
736 2690 821 2776 ‚sed
836 2690 911 2780 qnia
926 2625 1173 2779 illiusjuris'die·

85 2774 169 2841 tioni
184 2775 315 2862 subest,
332 2778 460 2867 ejusque
475 2777 632 2843 mandatis
645 2775 775 2867 obsequi
792 2774 898 2842 debet.
915 2774 962 2843 ltlr
978 2797 1018 2841 ex
1033 2775 1176 2841 Decretis

79 2860 122 2926 ὃ.
140 2861 305 2950 Congreg.
323 2859 404 2929 ibid.
418 2885 452 2928 n.
465 2882 518 2929 πο.
911 2892 926 2921 r

128 2947 176 3013 lu
185 2949 280 3039 ejecti
290 2970 355 3014 non
366 2964 499 3038 possunt
515 2949 647 3015 induere
662 2945 808 3015 habitum
815 2944 1014 3034 Religionis,
1030 2946 1086 3011 sed
1101 2943 1174 3011 cle-¹

85 3031 219 3100 nicalem
236 3028 410 3101 adhibeant
427 3056 551 3101 necesse
568 3050 626 3101 est.
643 3034 777 3100 Manent
791 3035 922 3122 insuper
936 3033 1092 3124 perpetuis
1103 3055 1176 3097 sus-

84 3121 178 3206 pensi
195 3118 238 3184 ab
259 3121 411 3186 exercitio
434 3120 595 3187 Ordinnnt
612 3122 645 3186 in
664 3118 833 3207 Religione
854 3136 1071 3209 susceptorum
1082 3166 1092 3202 ‚
1116 3139 1176 3183 nee
1203 3164 1205 3167 -

88 3219 194 3291 potest
209 3204 251 3270 ab
267 3202 592 3296 Ordinariisenpoena
601 3204 734 3273 relaxati
745 3254 757 3293 ‚
768 3204 820 3274 rel
829 3206 999 3272 moderari.
1010 3206 1056 3270 lte
1066 3227 1105 3270 ex
1116 3205 1177 3270 De·

28 3347 29 3352 ,
89 3291 228 3358 cretisS.
246 3296 402 3378 congreg.
416 3289 497 3355 ibid.
1109 3334 1114 3347 -.

91 3406 98 3441 s
131 3375 166 3445 si
192 3376 271 3443 verb
295 3399 334 3442 ex
347 3375 454 3443 litteri
485 3374 766 3443 Testimonialibus
789 3375 954 3442 Ordinerii
976 3376 1175 3459 eonstiterit,

86 3463 376 3551 epemecidentem
383 3464 484 3530 inesse
493 3463 737 3550 resipiscentiae,
750 3478 829 3529 tunc
841 3462 1008 3528 iterumad
1019 3462 1175 3528 Ordinem

89 3550 268 3638 recipiendi
281 3565 366 3616 suut.
385 3551 432 3616 ltin
450 3571 488 3615 en
499 3550 654 3615 Decretis.
667 3547 747 3615 ibid.
1186 3538 1191 3558 ‘

90 3668 93 3678 ·
133 3635 273 3703 Dernirm
283 3637 334 3702 ‘itt
344 3639 461 3725 ejectus
472 3651 549 3702 voto
564 3637 714 3701 castitatis
727 3636 911 3702 omnimode
925 3633 1093 3702 obstrictus
1109 3656 1169 3700 re·
1206 3675 1209 3681 -

90 3737 219 3807 menet,
247 3732 251 3737 '
278 3722 431 3813 upert'atis
454 3723 554 3807 verb,
567 3738 653 3787 *cnm
673 3724 810 3812 quadam
827 3723 1073 3805 moderatione,
1087 3720 1177 3788 'sicirt

90 3744 341 3877 neuobedlgntia
350 3810 484 3900 proprio
492 3810 537 3876 Su
561 3806 810 3895 eriorireguleri
820 3807 1006 3874 exhibenda
1016 3807 1056 3872 ab
1066 3829 1105 3871 eo
1116 3824 1175 3893 est·

91 3889 227 3984 Reliqua
241 3898 318 3963 verb
335 3908 409 3963 vote
425 3899 458 3961 in
470 3832 664 3962 l’tollessione
678 3893 774 3960 abeo
790 3911 994 3984 nuncupata,
1012 3909 1177 3960 remanent

88 3977 301 4070 insuspenso.
315 3986 361 4048 nt
372 4005 411 4049 ex
421 3978 495 4047 DD.v
508 3980 589 4048 ibid.

92 4122 96 4128 .
116 4098 120 4109 ι
136 4064 263 4219 E‘pectus
277 4069 303 4133 sl
313 4088 491 4157 provocare
503 4065 578 4134 nult
594 4064 634 4132 ab
649 4068 803 4154 injustitie
819 4069 984 4134 sententias
1001 4068 1035 4131 in
1045 4064 1186 4151 selene,
1232 4118 1236 4129 .

94 4200 103 4217 .
143 4168 162 4221 e
191 4166 226 4224 et
245 4155 435 4226 constituere
446 4154 480 4221 iu
495 4150 1077 4242 carceribuslormalibusReligionis,
1092 4171 1178 4222 utex
