2942 4717
403 297 455 367 lix
470 298 619 392 operibus
630 295 798 368 Benedicti
815 291 908 368 xiv.
1122 296 1187 370 bit

152 406 183 469 Si
197 417 305 474 tamen
321 404 399 474 lelsa
413 430 542 475 narrare
563 407 812 498 dispensandum
831 406 981 491 sciverit,
999 426 1067 471 non
1083 420 1188 495 potest
1259 414 1264 423 ‘

111 489 150 554 ad
167 491 413 581 dispensandum
430 494 702 585 procedere,nisi
722 495 759 559 id
776 494 873 559 sciret
884 513 924 557 ex
936 489 1189 581 praecedentibus
1239 550 1243 561 .

110 576 157 641 dis
198 576 311 646 nsandi
327 579 602 664 confessionibus,
616 595 653 646 ut
666 603 706 647 ex
724 577 875 646 Senebez.
893 575 975 643 ibid.
1074 610 1078 617 ·

164 683 185 726 ι
201 665 355 752 ejusmodi
367 666 610 756 dispensationis
617 663 753 751 litteris,
765 663 936 732 mandetur
951 664 1136 748 executori,
1149 677 1190 731 ut

111 746 266 836 dispenset
284 752 394 819 auditu
410 755 501 903 priris
521 749 745 819 sacramentali
774 751 992 834 confessione,
1012 764 1044 815 et
1068 751 1102 815 in
1119 750 1190 839 ipsa

77 901 80 905 ,
109 832 322 915 confessione;
341 859 400 904 nee
430 837 553 905 iberum
562 853 608 906 est
624 836 673 905 illi
690 839 778 904 extri
794 836 1022 905 communem
1036 857 1104 902 rein
1118 856 1191 902 exe·

107 919 180 1008 qui,
199 937 358 989 utomnes
372 925 499 991 docent.
521 923 602 990 ibid.
615 946 651 990 n.
670 923 725 990 35.

147 1004 230 1072 Cum
245 1011 432 1098 poenitentia
441 1011 476 1076 in
491 1005 606 1076 litteris
619 1009 792 1087 definitur,
810 1030 846 1075 ee
863 1009 954 1099 injun
976 1007 1059 1075 ende
1077 1007 1189 1092 est3si

107 1090 181 1156 verb
193 1096 410 1167 committatur
429 1094 563 1163 arbitrio
578 1096 790 1179 confessoris,
803 1115 868 1161 uon
885 1110 931 1161 est
947 1032 994 1159 illi
1005 1092 1140 1167 liberum
1156 1104 1191 1160 et

104 1175 144 1239 ed
152 1175 336 1264 arbitrium,
344 1183 512 1283 injungere
523 1228 534 1265 ,
547 1182 602 1249 sed
611 1182 652 1247 ud
660 1181 840 1273 prudentie
853 1178 938 1267 leges
947 1178 1114 1266 dirigenda
1120 1194 1192 1263 est,

103 1281 124 1325 ιι
165 1285 206 1329 ue
223 1266 321 1334 nimis
330 1267 565 1358 rigida,neque
573 1268 779 1370 leniorquiuu
787 1289 847 1356 pur
855 1267 907 1334 sit.
925 1266 1005 1333 ibid.
1016 1288 1051 1333 ιι.
1064 1263 1191 1351 37.58a'

30 1420 40 1431 ,
127 1282 263 1434 e{rudtrud
287 1348 459 1420 clausulam
480 1351 646 1420 &remotio
668 1366 711 1419 ert
724 1353 898 1438 occuitum,
915 1370 1059 1419 censetur
1073 1348 1191 1417 occul-⁴

102 1445 168 1498 tum
190 1435 218 1500 ci
243 1441 370 1504 tautum
385 1456 533 1529 septem,
558 1437 611 1506 vel
629 1455 702 1511 octo
722 1440 758 1504 in
780 1440 910 1505 civitate
926 1436 960 1505 id
977 1439 1132 1523 nesciant,
1151 1438 1191 1502 io

101 1520 229 1610 oppidis
244 1525 325 1596 verb
337 1528 363 1591 si
375 1533 538 1617 quinque,
555 1523 608 1591 vel
623 1548 699 1610 sex,
717 1547 813 1626 quarn
829 1524 1026 1593 Sententiam
1045 1525 1190 1612 scripto*

96 1625 164 1755 iffi
177 1609 236 1698 qui
254 1628 395 1762 [zeutem
412 1635 506 1679 sacrm
523 1613 767 1679 Poenitentierree
779 1610 880 1702 probi
891 1609 1028 1687 norunt,
1039 1624 1182 1677 tuentur.

165 1736 176 1756 .
196 1716 233 1758 n.
298 1740 310 1763 .
1190 1738 1194 1750 .

134 1774 171 1842 Si
189 1781 274 1853 verb
290 1779 449 1850 oecultum
465 1785 729 1874 impedimentum
753 1782 901 1850 fueritin
915 1779 1009 1865 loeo,
1026 1776 1082 1845 ubi
1101 1800 1188 1847 entm

96 1862 221 1930 cntioni
243 1869 429 1935 mandanda
450 1870 483 1937 di
523 1872 644 1938 ansatio
661 1886 728 1955 est3
745 1867 912 1961 publicum
929 1869 1021 1935 verb.
1044 1866 1078 1931 in
1094 1863 1183 1951 alio,

93 1944 149 2013 ubi
171 1953 379 2021 commissum
397 1972 442 2022 eet
461 1958 483 2022 d
516 1957 638 2043 ictum,
667 1958 767 2024 tutiirs
791 1972 870 2022 tuuc
896 1971 942 2021 est
963 1952 1189 2023 executionem

92 2039 314 2127 suspendere,
327 2056 360 2107 et
373 2042 414 2108 de
429 2042 491 2110 bne
501 2043 645 2111 novitate
655 2065 775 2111 merum
792 2040 1062 2109 Poenitentiarimu
1074 2038 1184 2105 certio·

54 2172 56 2177 .
91 2141 157 2186 rem
175 2124 301 2192 lacere.
321 2127 402 2193 ibid.
421 2150 456 2194 ιι.
475 2129 530 2196 46.
1149 2164 1158 2178 1

131 2206 305 2277 Delictum
325 2211 402 2279 olim
417 2212 607 2304 publicum,
623 2238 711 2282 nune
726 2211 909 2301 oecultum,
929 2213 956 2279 si
973 2213 994 2277 b
1017 2211 1071 2278 die
1089 2228 1190 2277 com·-

90 2292 176 2360 tuissi
194 2298 345 2364 criminis
357 2300 547 2368 decennium
565 2300 705 2392 elapsum
720 2303 781 2383 sit,
796 2301 837 2367 ad
847 2296 1091 2366 bunceilecturu
1102 2316 1190 2364 ceu-r

87 2381 148 2446 seri
168 2382 340 2451 occultunt
355 2387 500 2476 judicant
514 2390 609 2479 periti
626 2410 733 2454 earnm
749 2383 919 2472 Theologi.
932 2383 978 2450 ib.
993 2407 1029 2450 ιι.
1046 2381 1102 2449 48.

129 2465 165 2532 si
181 2472 342 2560 quierem
358 2473 490 2540 vetitam
505 2476 705 2565 prostiterit,
716 2473 772 2540 sed
788 2468 917 2562 publice
932 2471 1079 2537 credatur
1094 2466 1188 2535 otri-

83 2552 195 2620 nuisse
219 2556 268 2622 ed
285 2557 320 2623 id
337 2556 541 2645 facultatem,
564 2559 660 2649 hujus
669 2574 842 2650 peecatum
859 2556 900 2622 ad
922 2555 1010 2623 bunc
1035 2552 1186 2623 effectum
1245 2600 1247 2604 ,

85 2638 235 2709 creditur
258 2642 429 2710 occultunt.
443 2645 477 2713 Si
492 2647 569 2713 verb
584 2647 774 2716 commisisse
783 2641 935 2719 delictum
944 2641 1095 2708 resciatur
1128 2639 1188 2708 sed
1290 2722 1294 2729 ,

81 2722 264 2810 ignoretur
280 2729 355 2796 inde
367 2753 559 2818 consurgere
569 2733 852 2822 impedimentum,
867 2729 1078 2819 prolectdocc
1114 2743 1186 2794 turn

84 2813 196 2902 qubad
212 2813 308 2882 hunc
321 2815 469 2887 ellectum
484 2841 551 2886 non
563 2834 719 2886 censetur.
742 2816 787 2882 ib.
807 2838 842 2882 n.
861 2815 916 2881 od.

127 2895 291 2967 Clausula
305 2898 470 2968 dammodo
485 2905 638 2972 cerulum
650 2907 693 2970 sit
707 2904 825 2990 exigit,
838 2918 875 2969 ut
890 2897 981 2967 nullo
992 2898 1091 2978 medo
1106 2921 1184 2991 pto·

81 2980 153 3051 bari
169 2989 292 3076 possit.
310 2987 395 3054 ibid·
407 3013 443 3056 ιι.
460 2992 516 3057 44.
928 3002 931 3009 ⁴

122 3069 160 3140 si
178 3071 341 3141 delictum
358 3075 530 3146 deductum
546 3078 587 3144 sit
597 3078 642 3144 ad
654 3078 774 3144 Forum
783 3076 1017 3145 contentiosum
1032 3071 1098 3139 ts,
1110 3070 1184 3138 Poe-

78 3157 279 3226 nitentiaria
294 3176 436 3228 censetur
451 3160 630 3263 publicum.
647 3163 681 3231 st
691 3180 797 3231 tamen
813 3163 887 3229 data
899 3162 933 3227 in
947 3184 992 3228 eo
1003 3160 1186 3227 lueritseu-

80 3245 188 3312 tentia
205 3243 404 3313 absolutoria
423 3250 586 3335 criminis,
602 3272 660 3339 per
675 3273 772 3341 quam
789 3270 860 3317 rene
875 3247 1066 3338 repertussit
1081 3246 1185 3311 inno-
1266 3276 1270 3287 ·

59 3384 63 3389 .
77 3351 179 3417 cene,
199 3348 238 3398 et
255 3354 321 3399 non
338 3330 528 3422 culpabilis,
544 3333 597 3402 vel
611 3359 652 3405 ex
666 3336 821 3401 haetenus
835 3333 1061 3403 deductisnon
1074 3348 1187 3411 repet-0

74 3427 128 3482 tos
145 3415 349 3508 culpabilis,
368 3421 490 3485 etibmsi
506 3420 540 3487 id
555 3420 723 3490 obtentum
738 3422 780 3487 sit
801 3421 915 3491 mediis
935 3416 1077 3499 illicitis,
1098 3413 1186 3482 falsie

74 3503 223 3570 testibus
234 3519 298 3571 ete.
316 3503 423 3571 adhuc
433 3522 578 3576 censetur
592 3507 858 3598 impedimentum
870 3502 1029 3573 ooettltum
1045 3502 1085 3568 ad
1097 3499 1188 3568 hunc
1282 3578 1285 3585 δ

73 3587 255 3657 effectum.
274 3588 476 3681 ibium-119.
607 3601 613 3610 ’

115 3677 309 3767 Expressio
326 3699 509 3757 erucarum,
530 3701 638 3746 eerum
685 3679 898 3746 everificatio
921 3677 963 3744 ed
986 3674 1185 3742 validitatem

68 3762 342 3916 dTispenlsatiopifis
355 3758 507 3855 pertinet.
516 3764 645 3835 Bullub
675 3763 867 3857 Apostoliooe
875 3763 1048 3832 seruitutis.
1058 3757 1188 3829 bullar..

101 3871 176 3918 om,
214 3866 281 3916 .ιι.
352 3874 385 3918 ιι.
406 3874 436 3918 ι.
949 3900 952 3909 ‚
1181 3892 1185 3903 ι

381 4023 608 4093 Doctltlttt
628 4023 896 4094 CHRISTIANA.

107 4195 160 4273 h
177 4190 341 4270 Ecdetiis
349 4194 516 4270 suellos
532 4172 631 4290 longe
647 4198 764 4271 discitis
781 4201 801 4269 t
816 4196 995 4274 Putotbiull
1008 4200 1185 4272 demumr
