2942 4717
316 298 328 327 '·
426 280 479 353 Ex
501 266 833 377 operibus'benedicti
847 263 946 352 XIV.
1161 254 1225 349 eoi

561 454 810 525 minusne.
861 402 869 419 ’
1192 406 1198 415 ”

191 562 402 634 Alienationes
417 584 523 630 rerum
538 561 765 649 immobilium,
775 561 986 629 etmobilium
1001 563 1225 653 pretiosarum,

148 653 243 717 ’vetita
255 668 298 718 est
309 649 667 741 unoquellegularibus,
679 652 774 715 etiiim
788 647 917 738 speciali
927 652 1228 718 commemoratione

148 738 269 822 dignis,
290 728 439 805 ex‘Decr.
457 736 538 805 Uib.
557 737 644 803 Vlll.
663 735 721 802 sub
738 736 791 801 die
807 759 836 823 7.
853 735 942 837 Sept.
969 737 1062 801 1624.
1081 735 1155 802 Haec
1170 752 1227 802 ta-

148 845 217 888 men
241 820 446 909 intelligenda
465 839 540 888 sunt
555 823 595 888 de
611 821 703 887 bouis
724 819 871 886 Ecclesiae
891 822 1125 912 incorporatis,
1147 822 1229 908 Qua

153 910 224 974 verb
239 932 304 974 non
320 925 394 975 sunt
407 909 609 999 incorporata
626 924 656 974 et
670 906 788 973 debent
804 904 937 972 alienari
952 956 963 993 ‚
980 923 1016 974 ut
1032 923 1106 973 sunt
1119 931 1167 975 res
1182 933 1228 975 re

148 990 228 1059 lictae
243 994 302 1058 PP.
318 995 511 1061 Reformatis
525 994 560 1061 S.
577 995 604 1059 F
605 994 760 1077 rancisci‚
778 1015 843 1058 non
859 1010 992 1083 possunt
1009 1016 1119 1059 eorum
1135 994 1227 1084 Syn-

147 1079 209 1144 dici
223 1082 394 1167 procedere
415 1082 456 1146 ad
477 1103 586 1146 earum
609 1081 854 1165 venditionem,
873 1082 933 1144 nisi
951 1079 1083 1170 praefigo
1099 1078 1228 1168 edicto,
1256 1130 1260 1139 .

148 1180 184 1229 ut
207 1167 304 1251 magis
332 1162 479 1232 offerenti
507 1167 701 1233 vendantur.
731 1165 778 1232 lu
803 1186 843 1231 ex
867 1166 963 1232 Deci.
989 1163 1077 1232 Sacr.
1103 1164 1226 1255 Congu.

151 1248 245 1317 Cano.
263 1255 340 1317 lust.
360 1250 480 1317 Eccles.
498 1253 552 1340 69.
571 1274 605 1318 n.
624 1251 678 1327 8.,

187 1335 404 1403 Alienationes
426 1339 521 1407 etiliru
551 1338 658 1404 rerum
683 1336 844 1403 inferioris
876 1333 1018 1423 valoris,
1042 1359 1113 1429 quae
1136 1361 1229 1404 coiu-

145 1421 389 1572 preheuduntur
405 1425 439 1488 iri
455 1446 526 1513 cap.
544 1422 713 1506 Terrulas‚
736 1422 855 1488 debent
871 1425 965 1489 etiem
980 1428 998 1489 l
1016 1422 1228 1512 Regularibns

170 1509 212 1573 eri
228 1507 267 1573 de
283 1506 414 1575 licentia
426 1509 589 1598 Episcopi.
606 1509 685 1574 lust.
705 1505 793 1574 Eccl.
811 1510 865 1595 69.
883 1531 918 1573 n.
937 1532 970 1596 9.

144 1618 151 1628 ¹
186 1591 371 1660 Alienantes
384 1628 403 1680 ‚¹
416 1610 448 1659 et
470 1595 658 1684 recipientes
679 1592 765 1659 bona
792 1594 929 1660 alienata
955 1610 1064 1661 contra
1091 1595 1225 1664 Extrav.

144 1676 341 1766 erumnose,
355 1681 524 1746 incurrunt
540 1680 903 1753 excommunicationem
919 1680 1066 1747 Pontifici
1082 1705 1229 1749 reserva·-

145 1769 218 1829 ta'in.
233 1764 322 1835 ibid.
346 1788 380 1831 n.
402 1789 452 1831 io.
476 1763 648 1852 Regulares
668 1767 746 1832 verb
768 1762 851 1831 ultra
870 1764 955 1831 hanc
974 1767 1142 1834 incurrunt
1157 1770 1227 1858 ipso

142 1848 226 2004 iffi
249 1873 377 2003 popam
403 1852 595 1943 privationis
625 1850 838 1938 Officiorum,
870 1873 910 1917 ex
943 1852 1080 1919 Decieto
1094 1853 1227 1924 ,Urbani

145 1976 151 1987 ι
222 1961 258 2002 .i
283 1961 294 2002 1
322 1974 347 2004 ‚1
1097 1962 1100 1971 *

186 2022 389 2124 Quamquam
405 2045 446 2090 ex
467 2020 548 2089 C'an.
570 2023 659 2091 Bona
679 2044 718 2090 ia
738 2023 860 2111 Quaest.
888 2043 919 2089 a.
940 2026 1048 2126 jussit
1067 2025 1182 2116 Episco
1207 2048 1228 2096 u

42 2164 43 2175 ,
143 2107 286 2175 molienti
307 2132 429 2176 novum
444 2110 674 2177 Monasteiium
694 2113 728 2177 iu
749 2134 804 2177 sua
830 2107 993 2196 Ecclesia,
1018 2112 1188 2180 donandii
1217 2118 1227 2183 i

42 2297 213 2371 ¹iueu

146 2197 219 2282 quin
265 2198 436 2281 agesimam
459 2212 581 2285 partem
609 2199 769 2264 redituum
795 2194 943 2262 Ecclesia
966 2219 1051 2284 suae5
1077 2221 1150 2265 cuin
1175 2217 1230 2267 ta-

221 2218 385 2383 [lpismpi
402 2285 436 2346 in
450 2304 505 2346 sua
525 2285 762 2350 consecratione
778 2285 885 2372 jurent
903 2293 1018 2349 senon
1035 2281 1228 2366 alienaturos

141 2384 351 2454 possessiones
370 2368 411 2434 ad
429 2389 567 2432 inensam
585 2392 674 2435 suam
697 2369 913 2459 pertinentes3
941 2368 1018 2434 binc
1035 2373 1155 2460 optime
1173 2377 1230 2438 in-

140 2449 214 2518 tulit
227 2454 261 2520 S.
280 2454 320 2520 ti.
339 2453 540 2519 interdictam
556 2476 620 2520 esse
636 2456 795 2544 Episcopo
816 2453 921 2539 hanc,
944 2471 975 2520 et
996 2453 1092 2523 aliam
1111 2480 1230 2549 quam-

141 2556 278 2630 cumque
296 2537 535 2607 alienationem.
557 2542 606 2606 De
623 2541 747 2631 Synod.
765 2541 899 2607 Dioeces.
921 2538 945 2606 l.
970 2563 1001 2629 7.
1021 2564 1051 2608 c.
1071 2563 1123 2632 72.
1140 2561 1226 2635 part.

144 2643 197 2691 '²'
592 2711 780 2782 simun.
851 2796 853 2799 ¹

182 2879 407 2950 Sacerdotibus
427 2883 534 2951 Latini
559 2886 639 2952 ritiis
657 2886 690 2950 in
711 2884 825 2949 Russia
846 2883 998 2950 Polouica
1016 2882 1227 2975 degentibus,

145 2968 207 3034 tliu
229 2968 460 3059 praeseutibns,
484 2974 580 3062 qufam
605 2971 721 3037 futuris
742 2972 950 3048 conceditur,
982 2989 1018 3039 ut
1046 2974 1230 3049 deficienti-

142 3051 200 3120 bus
220 3051 339 3121 tabulis
353 3053 488 3144 lapideis
502 3060 712 3142 consecratis,
732 3056 860 3125 Missam
878 3055 1039 3125 celebrent
1055 3082 1091 3125 su
1117 3064 1150 3127 er
1166 3066 1230 3129 An·

143 3140 297 3207 timensiis
312 3141 536 3210 liuthenoruni
551 3145 728 3209 unitorum.
745 3143 824 3209 Ritu
842 3156 948 3208 tamen
965 3145 1081 3211 Latino
1093 3083 1230 3214 lacrum

140 3247 235 3311 agere
266 3224 331 3293 illis
354 3229 537 3318 injunctum
561 3245 619 3295 est.
651 3228 734 3295 Sunt
764 3230 953 3295 antiinensia
982 3227 1074 3297 lintei
1097 3234 1230 3322 quidam

141 3306 325 3402 Episcopali
335 3312 559 3380 benedictione
577 3315 773 3399 consecrati,
790 3315 824 3378 iu
843 3337 979 3404 quorum
996 3316 1121 3401 au‘gulis
1135 3320 1232 3385 Sanc-⁴

140 3414 248 3464 torum
272 3396 429 3489 Reliquis
451 3401 623 3466 reconditio
647 3415 747 3487 sunt,
774 3399 910 3467 Constit.
936 3403 1088 3492 liuposito
1119 3404 1228 3472 nobis.

141 3482 225 3550 uult.
248 3484 343 3552 Toni.
364 3484 421 3550 lll.
441 3485 581 3553 Constit.
599 3486 715 3555 XLVl.

416 3660 588 3730 ALTARE
609 3659 962 3729 PRIVILEGIATUM.

183 3830 223 3897 ln
240 3831 394 3898 Brevibus
412 3855 473 3923 pio
495 3832 587 3900 altari
635 3834 816 3921 rivilegiato
837 3831 916 3901 solet
933 3834 1060 3901 deliniri
1080 3856 1232 3905 numerus

83 3918 86 3921 ’
141 3914 310 3983 Missurum
321 3967 331 3994 ‚
344 3921 489 4009 quotidie
500 3923 534 3985 iii
547 3857 685 3986 Ecclesia
702 3921 961 3995 celebrandarum
976 3947 986 4007 3
1005 3922 1030 3987 si
1043 3924 1125 3989 fortis
1143 3925 1233 3989 acci-

141 4001 220 4085 dat,
233 4018 271 4069 ut
285 4002 445 4104 aliquibus
459 4005 571 4072 diebus
587 4028 738 4073 numerus
753 4013 812 4073 istc
832 4008 999 4073 Missurum
1016 4009 1117 4085 desit,
1132 4010 1232 4074 dum-

136 4089 241 4154 modu
270 4112 383 4181 saepius
406 4094 440 4157 iu
453 4140 455 4145 s
470 4091 669 4159 hebdomada
684 4109 740 4160 -tot
763 4092 867 4161 Missae
894 4090 1120 4180 celebrentur,
1153 4112 1232 4185 quot

140 4173 353 4264 priuilegium
366 4175 575 4269 lundoniam,
592 4179 626 4249 id
639 4201 708 4247 iiou
719 4178 880 4269 sufficere,
897 4178 1116 4252 declarastis.
1127 4180 1234 4259 Quia
1248 4253 1251 4259 ,
