2942 4717
247 223 293 298 '54
372 227 381 246 ⁸
628 225 739 306 Proxis
753 225 959 294 Confessarii.
1035 277 1043 288 ,

247 333 613 438 rum'praescindunt.
628 319 699 412 Hic
713 331 837 413 autem
851 339 992 412 Auctor
1005 334 1256 439 Epistolaeme
1272 339 1342 426 im<

248 453 443 539 properat,
465 438 569 539 quod
589 433 825 540 distinguere*
840 440 1000 510 nesciam
1023 438 1118 514 inter
1138 439 1351 530 terminum.

246 538 474 632 Abstractoni
500 553 534 608 et
560 533 780 611 Concretom.
808 535 1041 622 Abstractus,
1074 565 1134 612 me
1165 539 1343 628 iustruit,

248 635 314 710 ille
333 629 408 725 c‘st,
429 636 495 736 qui
513 634 888 734 formamsigniiicat,
906 638 925 706 a
943 635 1112 733 subjecto
1131 637 1343 737 praecisam,

248 729 440 835 prolitfest
467 730 734 832 pulchritudo,
760 730 924 820 albedo,
950 749 1019 807 etc.
1050 735 1238 809 Concretas
1258 732 1345 808 verb

235 835 431 930 significat
449 832 659 931 subjectum
685 859 773 906 cnm
801 832 916 906 forma
943 837 1211 933 conjunctum,
1229 833 1270 907 tt
1289 846 1347 907 est

247 931 362 1007 homo
380 931 563 1031 pulcher,
590 931 717 1005 charta
745 930 853 1016 alba,
883 946 951 1004 etc.
971 933 1068 1006 Hinc
1086 933 1175 1006 dicit
1191 957 1345 1023 rocem,

247 1032 439 1120 Mortuus,
460 1016 915 1128 significare'hominem,
943 1033 1005 1129 qui
1035 1032 1125 1103 olim
1152 1031 1286 1104 Animi
1307 1045 1347 1106 et

248 1131 415 1228 Corpore
432 1127 648 1213 constabat,¹
661 1129 728 1203 scd
743 1129 1032 1227 nunc'importat
1047 1128 1192 1230 Corpus
1206 1146 1241 1203 et
1257 1131 1348 1203 Ani·

248 1253 352 1303 mam
372 1229 607 1327 disiunctum.
628 1229 678 1301 Et
695 1255 738 1301 ex
758 1228 829 1301 hoc
843 1227 1055 1314 concludit,
1076 1223 1177 1329 quod
1192 1227 1349 1300 Mortuis

248 1325 373 1426 aliqua
395 1327 556 1399 Persona
575 1327 825 1418 maledicens,
846 1353 922 1399 non
950 1326 1073 1399 sotum
1100 1353 1229 1400 eorum
1253 1326 1347 1401 Cor-

249 1426 404 1526 poribus
425 1424 490 1497 sed
512 1424 716 1518 Animabus
730 1428 844 1498 etiam
861 1424 1067 1499 maledicat.

300 1524 533 1623 Respondeo.
548 1525 627 1622 Ego
637 1525 823 1610 nondico,
838 1523 940 1623 quod
955 1523 1108 1596 Mortuis
1120 1520 1346 1597 maledicens

251 1649 315 1697 eos
329 1622 538 1695 consideret
549 1626 744 1724 tamquim
758 1622 977 1711 abstractos,
990 1622 1135 1697 scilicet
1155 1626 1348 1722 tamquam

252 1719 389 1795 formas
415 1722 494 1795 sine
519 1721 687 1821 subjecto
706 1750 718 1793 t
740 1720 806 1794 sed
836 1720 942 1805 dico,
964 1721 1067 1822 qood
1087 1721 1349 1822 praescindata

250 1815 530 1896 considerandis
548 1821 781 1895 Mortuerum
795 1818 1020 1905 Animabus,
1036 1846 1119 1920 quae
1139 1847 1238 1894 nunc
1251 1820 1349 1893 exis·

249 1933 350 1993 tunt.
373 1917 487 1991 Aliud
503 1933 557 1992 est
576 1920 810 2010 abstrahere,
828 1918 932 2019 quod
947 1934 1003 1992 est
1020 1917 1253 2000 considerare
1274 1917 1349 1989 ali·

254 2044 368 2118 quam
383 2018 539 2090 formam
552 2019 630 2091 sine
642 2016 834 2114 subjecto:
850 2016 953 2091 aliud
967 2017 1231 2116 praescindere,
1245 2015 1351 2118 quod
1469 2015 1470 2018 '

253 2130 310 2191 est
337 2116 570 2190 considerare
597 2116 789 2217 quoddam
821 2115 1050 2213 subjectum,
1077 2117 1272 2217 precisum
1300 2114 1350 2188 ab
1396 2207 1398 2212 Δ

253 2214 380 2315 aliqua
394 2216 669 2289 circumstantia
685 2229 748 2289 aut
761 2216 957 2313 qualitate,
972 2240 1055 2315 quae
1072 2217 1202 2317 respici
1217 2229 1351 2314 potest.

253 2316 405 2389 Certum
435 2327 509 2402 est,
525 2314 697 2388 'homines
721 2317 793 2387 vita
818 2314 963 2387 iunctos
987 2338 1090 2386 nunc
1108 2313 1257 2386 eosdem
1271 2338 1351 2388 non

251 2418 360 2497 esse,
388 2413 453 2512 qui
481 2412 636 2486 virendo
658 2414 820 2487 luerunt.
848 2413 960 2485 Tunc
988 2426 1044 2502 tot
1062 2419 1168 2485 eraut
1185 2437 1353 2510 personae

144 2581 149 2588 ,
254 2511 390 2590 Animi
414 2527 451 2583 ct
471 2510 636 2612 Corpore
658 2511 869 2610 conjunctis
894 2511 1126 2610 composilae,
1144 2537 1246 2584 nunc
1265 2510 1353 2584 vero

255 2635 387 2684 eorum
398 2610 567 2696 Animae,
584 2626 621 2683 et
640 2611 805 2710 Corpora
821 2611 980 2683 existunt
994 2610 1171 2709 quidem,
1188 2608 1254 2681 sed
1276 2609 1354 2681 dis·

256 2713 385 2809 juncta
409 2708 584 2782 existunt.
601 2711 855 2809 Quapropter,
872 2734 959 2783 cum
980 2709 1133 2781 Mortuis
1157 2707 1354 2781 maledici·

255 2821 341 2893 tur,
361 2833 437 2879 nou
456 2806 540 2880 ideo
556 2806 763 2881 necessario
783 2810 950 2906 ipsorum
975 2806 1179 2880 Animabus
1193 2805 1355 2879 maledi·

253 2909 372 2997 citur,
396 2906 467 2978 nisi
488 2932 577 2981 cum
596 2905 673 2979 illae
688 2905 899 3005 specialiter
918 2909 1196 3006 exprimuntur,
1213 2907 1267 2982 rel
1291 2907 1355 2979 in-

256 3005 492 3100 telliguntur.
1034 3003 1038 3012 ’
1319 3079 1326 3092 ,

308 3102 381 3178 Sed
407 3098 568 3203 denique
594 3100 748 3176 ductori
769 3102 947 3205 Epistolae
963 3102 1230 3185 concedamus,
1248 3102 1355 3201 quod

258 3203 339 3304 ipse
352 3225 540 3301 aggressus
559 3215 615 3274 est
632 3203 839 3292 sustinere,
859 3202 1055 3290 nimirum,
1077 3202 1180 3302 quod
1198 3201 1355 3274 Mortuis

259 3299 485 3377 maledicere
499 3300 598 3372 idem
613 3300 681 3382 sit,
702 3305 814 3399 quam
829 3303 881 3375 eis
896 3299 1117 3398 maledicere
1135 3327 1177 3372 ac
1191 3301 1220 3373 si
1238 3303 1360 3373 riven-

257 3409 313 3476 tes
331 3413 463 3474 essent.
484 3402 618 3490 Quaero
632 3428 643 3468 ε
657 3400 758 3500 Ergl)
780 3403 845 3501 qui
868 3400 1008 3473 homini
1038 3402 1120 3472 vivo
1140 3396 1355 3487 maledicit,

259 3493 452 3600 semperne
472 3496 658 3571 lethaliter
675 3515 805 3597 peccat
818 3501 835 3572 i
850 3503 988 3573 Omnes
1011 3495 1091 3572 Di).
1105 3497 1356 3594 ajunt,Caje·'

259 3614 396 3684 tanus,
416 3598 547 3690 Setos,
564 3595 701 3669 Moliua
717 3655 727 3689 ‚
745 3598 888 3683 Grado,
904 3596 1055 3670 Azorius
1073 3653 1081 3681 ,
1099 3599 1223 3694 Lugo,
1241 3595 1355 3670 etalii

253 3705 348 3776 cum
369 3693 721 3769 salmanticensibus
751 3697 798 3769 de
825 3698 993 3770 Restitut.
1018 3722 1050 3768 c.
1070 3698 1092 3790 d
1110 3722 1149 3766 n.
1164 3719 1213 3794 ‚27
1230 3710 1265 3768 et
1281 3698 1354 3785 28,

260 3825 306 3874 ex
320 3799 368 3874 D:
384 3793 458 3868 Th.
483 3819 516 3865 2.
541 3819 562 3865 a
584 3815 666 3893 qux
683 3792 730 3893 76
749 3810 815 3869 ert.
833 3798 879 3888 4,
900 3810 980 3869 tum
997 3794 1294 3868 maledictionem
1313 3795 1355 3868 iu

258 3896 471 4010 protimum
495 3906 687 3987 peccatum
711 3917 789 3967 esse
806 3893 984 3980 mortale,
1001 3920 1088 3967 cum
1106 3893 1182 3993 ipsa
1201 3907 1259 3966 cst
1275 3894 1357 3984 for-7

259 3995 389 4082 malis,
417 3991 558 4064 scilicet
581 3993 646 4087 (ut
661 4018 704 4064 ex
734 3993 822 4065 licet
837 3992 1057 4084 Caietanus)
1077 4020 1161 4064 cum
1183 3993 1356 4088 proximo
1385 4067 1388 4074 ,

152 4083 161 4098 ’
261 4099 411 4196 optatur
426 4090 604 4162 damnum
621 4146 629 4175 ,
651 4104 687 4163 et
703 4019 879 4164 damnum
893 4119 1019 4192 grave,
1038 4088 1356 4190 quodaliquisilli

259 4193 506 4301 imprecatum
524 4215 601 4267 uon
612 4187 701 4268 verti
717 4215 806 4268 cum
820 4190 1033 4288 maledictio
1047 4186 1263 4314 &illul-hm
1277 4215 1358 4279 ma-⁴
