2942 4717
351 208 433 301 Cap.
450 207 508 276 lli.
525 208 576 278 De
592 209 759 277 ordinibus
773 211 808 277 in
826 166 943 303 specie.
1119 190 1184 303 app

99 315 206 392 etiem
227 318 368 397 tolerati
392 324 467 395 siut
485 322 624 396 exclusi
649 327 668 396 a
691 320 1028 397 communicatione
1052 319 1182 391 suffra·
1305 354 1307 358 ·

101 418 259 514 giorum,
271 434 393 492 tamen
408 421 488 494 aliis
501 421 627 495 datum
640 438 693 494 est
704 428 722 494 i
733 419 902 495 Concilio
912 416 1185 493 constantiensi

99 521 160 604 (ut
173 515 331 592 babetur
345 520 385 595 in
401 522 544 593 Extrar.
561 521 707 594 Martini
722 522 772 594 V.
788 523 851 591 Ad
864 517 1051 612 rotlando)
1065 514 1184 590 libere

100 639 198 711 posse
215 641 303 689 cum
320 618 408 716 ipsis
422 622 695 693 communicare
713 617 833 692 adhirc
848 618 888 689 in
902 615 1054 699 divinis,
1070 613 1183 711 proiit

102 709 314 787 dictumest
341 714 388 789 de
414 718 572 792 Censur.
593 718 652 791 Sic
676 722 813 816 pariter
836 711 1068 816 probabilius
1095 712 1183 783 licet

103 808 225 884 offerre
247 814 394 886 Missam
425 842 502 915 pro
518 815 757 898 infidelibus,
781 813 824 888 iit
848 812 983 887 docent
1003 810 1181 884 Bellarm.

103 905 218 1007 leym.
234 913 340 988 Suar.
357 912 471 986 Salm.
486 927 558 987 etc.
582 928 710 987 contra
732 915 861 994 Sotum
877 966 887 999 ,
904 910 991 1011 quia
1011 909 1181 984 Christus

105 1032 160 1100 pro
184 1011 361 1084 omnibus
385 1039 424 1084 se
450 1010 607 1103 obtulit,
632 1013 747 1112 idque
767 1009 865 1086 certe
883 1010 1026 1083 licitum
1045 1008 1116 1080 suit
1142 1006 1181 1077 in

101 1103 184 1203 Lege
202 1097 338 1200 reteri';
359 1110 480 1184 Judaei
496 1113 594 1183 enim
611 1138 677 1209 pro
695 1109 865 1210 gentibus
885 1108 1090 1181 sacrificare
1106 1108 1182 1204 iam

101 1223 362 1281 consueverant
375 1215 390 1299 (
402 1209 426 1282 l.
451 1236 481 1282 t.
501 1209 669 1283 Machab.
687 1235 721 1284 c.
743 1209 824 1303 12.)
840 1209 911 1281 Pro
927 1204 1182 1279 defunctisau-

99 1312 165 1373 tem
183 1302 452 1403 in'Purgatorio
468 1307 706 1380 existentibus
722 1321 865 1381 certum
880 1319 952 1396 est,
965 1318 1001 1377 et
1018 1301 1064 1376 de
1083 1301 1180 1390 fide,

97 1396 135 1470 irt
146 1400 255 1476 docet
269 1403 483 1501 Tridentin.
500 1432 588 1480 sess.
608 1431 652 1481 22
670 1432 701 1480 c.
721 1433 743 1477 a
759 1407 849 1479 etin
864 1405 956 1480 Can.
977 1402 999 1476 3
1014 1400 1181 1499 quodli-

97 1496 161 1571 citt
176 1515 213 1573 et
228 1502 371 1576 utiliter
385 1504 492 1578 Missa
510 1503 694 1590 offeratur.
710 1502 823 1605 idque
837 1527 880 1575 ex
893 1497 1082 1575 infallibili
1098 1524 1182 1599 pro·

95 1596 265 1672 missione
289 1601 427 1674 Christi
448 1657 459 1690 ,
490 1599 795 1675 incommunius
819 1614 857 1673 et
884 1598 1003 1672 reriirs
1023 1602 1038 1679 l
1050 1612 1182 1671 contra

96 1691 231 1768 Canum
260 1706 361 1793 etc.)
382 1698 518 1774 docent
539 1701 647 1776 Azor.
670 1701 774 1773 Suar.
796 1699 948 1777 Navarr.
972 1693 1085 1771 Salm.
1108 1708 1179 1771 eto,
1289 1733 1306 1781 ῃ

96 1795 195 1892 quia.
211 1822 301 1870 cum
316 1812 460 1871 certum
473 1799 519 1872 sit
532 1855 541 1886 ‚
555 1798 656 1898 quod
670 1799 777 1873 Missa
791 1796 931 1870 utiliter
945 1821 1011 1895 pro
1024 1792 1180 1866 defunc·
1293 1808 1298 1818 '

96 1892 136 1962 tis
151 1894 346 1983 offeratur.
365 1896 436 1971 boc
454 1922 531 1971 non
548 1911 670 2000 potest
686 1922 764 1972 esse
787 1895 916 1987 nisiex
935 1892 1183 1994 promissione

95 1989 453 2094 Christi.(n.310.)
612 2050 614 2053 -
899 2060 903 2067 .
1022 2084 1028 2093 Ἰ
1276 2001 1280 2007 ’

137 2092 262 2183 Quaer.
283 2093 331 2167 Vr
351 2092 564 2196 Quotuplex
580 2093 626 2170 sit
644 2096 787 2171 fructus
802 2093 950 2173 Missas?
965 2087 1241 2213 Responde-104

96 2197 172 2261 tur:
189 2191 334 2265 fructus
356 2194 475 2267 Missae
491 2194 586 2267 alius
606 2208 662 2270 est
675 2210 724 2266 ex
740 2218 843 2290 opere
861 2206 1003 2291 operato
1017 2247 1029 2280 ,
1042 2188 1178 2288 nempe

96 2309 135 2357 ex
149 2292 282 2362 merito
298 2290 435 2364 Christi
448 2315 458 2383 3
476 2290 571 2366 alius
587 2318 637 2363 ex
651 2316 754 2389 opere
770 2289 970 2382 operantr‘s,
984 2286 1179 2362 scilicetex

96 2388 219 2461 merito
237 2389 455 2464 Sacerdotis.
472 2391 567 2464 Item
585 2387 678 2463 alius
695 2404 750 2462 est
764 2388 983 2469 Mert'torzirs.
1002 2384 1094 2459 alius
1113 2383 1181 2458 So·

95 2481 326 2578 absalonius,
344 2487 437 2561 alius
451 2488 728 2587 Impetrutorlus.
748 2487 842 2560 Item
857 2484 951 2559 alius
970 2483 1180 2574 Generalis,

91 2583 157 2681 ¹qui
174 2584 333 2683 obtingit
353 2585 527 2659 omnibus
542 2583 747 2671 fidelibus,
772 2585 889 2671 viris,
911 2597 949 2655 et
971 2578 1183 2668 defunctus

97 2679 182 2754 alius
200 2685 396 2781 Specr'crlis,
418 2685 494 2759 sire
517 2683 683 2773 Medias,
706 2682 899 2853 obtingere
924 2677 1185 2755 assistentibus.

94 2774 228 2874 Missa,
245 2786 349 2875 etei,
366 2787 426 2858 cui
445 2783 654 2884 applicatur
669 2807 679 2870 ;
701 2782 796 2854 alius
832 2778 1089 2874 pertulerimus
1107 2776 1180 2856 ob·

97 2879 235 2977 tingens
254 2881 323 2956 soli
338 2882 562 2974 celebranti;
580 2881 645 2981 qui
664 2884 732 2983 pro
749 2880 814 2954 illo
829 2880 958 2980 nequit
970 2875 1096 2951 ullum
1114 2875 1183 2950 sti-r

97 2978 271 3152 pendxis'ppn
290 2985 478 3083 accipere,
501 3008 544 3056 ex
566 2982 680 3081 Prop.
701 2984 737 3056 8.
758 2978 930 3057 damnata
950 2975 1002 3050 ab
1019 2974 1179 3052 Alexan·
1297 3047 1300 3052 .

123 3101 158 3145 ro
249 3135 258 3152 ,

94 3262 95 3265 Ἴ
139 3176 195 3247 An
212 3178 321 3251 Missa
348 3178 395 3253 sit
418 3178 554 3253 infiniti
580 3177 731 3270 valoris,
752 3181 829 3251 tim
848 3172 1045 3262 intensive,
1062 3168 1244 3275 quarum

98 3275 436 3351 extensiveiPlures
451 3276 528 3352 Du
545 3292 700 3374 negant;
717 3274 844 3376 plures
859 3275 944 3350 verb
957 3272 1020 3346 alii
1038 3271 1177 3374 proba-

99 3361 200 3445 bilius
215 3374 420 3464 affirmant,
435 3376 477 3450 itt
488 3379 627 3467 Gonet‚
645 3375 805 3463 Hubert,
821 3372 845 3448 J
847 3376 971 3448 uenin.
986 3374 1175 3449 Petrocor.

93 3460 307 3566 Pignarelti,
327 3476 469 3549 Tourn.
491 3477 608 3570 Cone.
632 3474 738 3549 Holz.
760 3471 961 3572 Wigandt,
976 3473 1027 3543 La
1044 3468 1178 3558 croix,

98 3563 233 3652 Canus,
253 3571 366 3645 Salm.
392 3587 522 3646 etuas
547 3572 694 3675 probis
719 3587 775 3645 est
795 3576 907 3644 etibm
929 3570 975 3645 D.
993 3567 1176 3657 Thomas;

100 3668 178 3755 quia
196 3669 304 3742 Missa
326 3672 521 3758 aelidem,
543 3677 653 3771 quam
675 3671 796 3745 crucis
813 3668 1053 3752 sacrificium,
1073 3665 1177 3764 quod

99 3758 161 3832 fuit
184 3767 317 3842 infiniti
341 3766 487 3844 valoris.
513 3773 617 3844 Licet
636 3784 758 3842 autem
784 3769 888 3843 valor
911 3767 958 3842 sit
982 3767 1175 3865 infinitus,

100 3858 241 3939 effectus
257 3881 379 3945 tamen
398 3870 517 3947 Missae
536 3870 661 3942 finitus
685 3881 763 3955 est,
787 3894 830 3942 ex
849 3868 949 3960 linita
973 3864 1176 3967 capacitate

96 3950 302 4050 bominum,
316 3993 384 4066 pro
402 3967 537 4066 quibus
552 3968 727 4053 offertur,
743 3991 904 4068 quorun]
920 3964 1176 4061 unusquisque

99 4061 247 4160 percipit
270 4063 436 4142 fructum
466 4070 567 4168 juxti
583 4093 690 4142 suam
714 4066 964 4173 capacitatem.
989 4059 1065 4143 Sed
1088 4061 1178 4167 quia
1207 4168 1208 4181 ἵ
