2942 4717
249 248 315 325 (36
442 250 590 344 Epitoiae
604 253 769 323 Doctrina
783 252 915 324 Morilis
931 270 962 323 et
979 254 1151 322 canonias

290 357 327 426 Si-
349 354 508 427 Parochtrs
531 362 688 430 Beneficio
713 364 899 437 renunciet,
924 363 1048 450 indiget
1071 358 1331 430 novettarulura

248 444 402 511 audiendi
420 447 651 532 confessiones,
668 465 704 516 ut
719 473 759 515 cx
775 450 936 519 communi
955 450 1142 517 Doctorum.
1157 448 1203 514 ib.

251 580 256 589 .
294 530 578 603 Perochusbabens
587 534 706 602 reditus
715 533 1113 626 tenues,etpop1dum'tam
1122 536 1332 626 frequentem,

247 630 284 681 ut
304 639 361 705 per
381 641 414 683 se
428 618 568 689 sufficere
583 643 624 686 ne
647 637 719 688 ueat
734 622 902 690 audiendis
916 621 1188 696 confessionibus,
1205 635 1329 686 tenetur
1434 651 1435 666 r

247 700 308 766 sibi
324 703 497 794 adjungere
512 703 610 771 alium
625 643 826 775 dacerdotem
843 707 1110 796 adjutorem,.cui
1121 755 1132 792 ,
1145 709 1172 774 ai
1188 708 1255 796 ipse
1267 726 1331 793 'ue-

248 794 364 878 queat,
388 812 411 881 p
456 788 528 858 ulus
547 795 719 861 necessaria
744 794 786 863 ad
810 797 1071 861 sustentationem
1093 793 1330 861 subministrare

246 889 393 961 tenetur,
412 879 425 938 l
480 899 520 944 ex
533 878 629 945 Decr.
642 879 683 960 ,5⁴
706 877 826 966 Congr.
844 882 941 945 Cone.
957 879 1064 946 instit.
1081 876 1169 946 Eccl.
1187 877 1231 966 9'4
1245 899 1280 941 ιι.
1296 898 1328 962 7.

289 959 448 1029 Parochus
470 986 510 1028 ex
552 967 654 1031 rivata
676 968 808 1032 scientia
825 987 976 1052 noscens,
993 964 1129 1032 altarum
1145 986 1187 1030 ex
1210 962 1332 1053 sponsis

246 1048 485 1117 matrimonium
503 985 704 1121 ceiehraturis
720 1050 877 1119 haeretice
897 1066 988 1118 sectae
1007 1048 1132 1117 occulte
1147 1048 1329 1131 adherere,

247 1137 388 1200 assistere
403 1135 609 1205 Matrimonio
628 1160 694 1204 non
712 1153 838 1228 potest,
859 1137 1128 1227 quemadmodum
1152 1158 1173 1202 n
1194 1198 1197 1199 γ
1240 1137 1287 1220 it,
1304 1133 1337 1199 si·

245 1223 340 1286 sciret
355 1221 619 1310 impedimentum
639 1225 735 1291 etiam
751 1224 941 1316 impediens.
959 1223 1007 1291 lo
1025 1224 1075 1290 De
1089 1222 1170 1313 Syn.
1219 1224 1289 1288 ioec.
1304 1215 1329 1285 l.

246 1304 710 1394 bc.7n.6et7ncv.edit.
1082 1372 1085 1377 .
1312 1320 1314 1323 ’

246 1458 249 1465 ,
289 1389 448 1457 ΡιιοοΙιιιε
462 1393 503 1458 ad
519 1395 722 1465 residentiam
734 1392 929 1463 materialem
969 1410 1001 1462 et
1017 1391 1183 1462 formalem
1199 1393 1332 1460 obstrin-

245 1478 332 1565 gitur
348 1494 490 1566 tempore
503 1481 621 1581 pestis,
639 1483 734 1548 etism
748 1503 821 1548 cum
829 1442 973 1573 pericuio
981 1480 1087 1551 morbi
1099 1479 1329 1564 contrahendi,

242 1578 282 1627 ut
307 1585 346 1629 ex
371 1567 465 1631 rescri
491 1580 531 1632 trs
556 1571 596 1633 S:
615 1566 773 1655 conger
790 1567 925 1654 Gregor.
953 1568 1030 1633 Xlll
1054 1567 1254 1659 approbatis.
1281 1564 1329 1632 De

244 1648 323 1737 Syn.
348 1650 450 1716 Dioec.
466 1586 497 1717 i.
525 1650 563 1717 15
589 1677 618 1719 c.
645 1671 684 1736 19
701 1674 774 1722 ms
799 1676 878 1721 nor.
900 1655 980 1722 edit.
1003 1653 1105 1744 quue
1125 1675 1240 1721 nerum
1264 1669 1329 1729 est,

241 1731 320 1800 lieet
335 1734 395 1801 sibi
419 1735 621 1807 Sacerdotem
636 1740 975 1831 idoneumpmcuret,
990 1755 1028 1807 ut
1043 1761 1078 1807 se
1098 1737 1229 1808 absente
1237 1786 1250 1826 ,
1264 1741 1331 1829 ejus
1436 1810 1437 1815 ,

244 1819 369 1888 vicibus
386 1820 550 1909 fungatur.
569 1824 651 1893 ibid.
727 1866 729 1869 ·
909 1834 912 1837 ’
1054 1856 1056 1860 ·

239 1960 244 1966 .
289 1906 348 1974 Fas
364 1922 410 1974 est
427 1908 575 2011 equidem
597 1907 740 1978 Parecbo
756 1933 816 2000 pro
840 1927 888 1981 ter
904 1911 1105 1998 inimicitias,
1124 1927 1331 2001 etvpersecn-

244 1993 349 2059 tiones
363 1996 381 2057 b
400 1996 570 2063 residentia
586 1998 730 2064 recedere
740 2019 778 2063 ex
824 2015 901 2066 axtu
913 2020 985 2089 cap.
1002 1999 1054 2066 Ad
1063 1995 1332 2087 supplicationem

243 2076 286 2142 de
303 2077 491 2148 Renuntiat.
515 2083 591 2172 quia
609 2098 686 2149 tunc
699 2083 878 2173 periculum
894 2082 1137 2151 inimicitiarum
1150 2081 1211 2150 soli
1230 2083 1333 2148 Paro·

240 2161 306 2229 cho
328 2165 495 2254 imminet3
521 2190 619 2268 quare
642 2185 747 2272 potest
768 2168 866 2236 alium
894 2170 1094 2237 Sacerdotem
1117 2168 1329 2253 substituere,

242 2251 300 2341 qni
316 2251 384 2317 sine
402 2275 459 2319 suo
471 2253 615 2343 periculo
631 2278 698 2346 elus
708 2277 825 2323 munus
839 2254 1024 2346 adimpleat.
1039 2255 1083 2323 At
1098 2256 1133 2321 in
1148 2270 1239 2346 peste
1259 2277 1330 2321 cm-
1436 2334 1437 2337 Ἴ

243 2335 339 2404 nibus
357 2339 445 2440 mqu'e
460 2339 638 2430 periculum
654 2343 821 2427 imminet,
837 2343 974 2435 ideoque
992 2342 1239 2408 convenientiis
1260 2357 1328 2408 est.

244 2438 281 2488 ut
298 2423 333 2488 id
349 2424 540 2491 discriminis
559 2420 741 2496 subeaturir
758 2427 917 2514 Paroeho,
935 2430 1031 2519 quiam
1045 2427 1087 2493 ab
1097 2424 1163 2494 aiio
1182 2428 1329 2494 Sacerdo·
1437 2442 1438 2487 t

243 2522 288 2574 te.
304 2508 385 2575 ibid.
401 2509 486 2598 Qunv
501 2512 542 2579 de
563 2512 707 2583 Perocho
726 2514 813 2582 dicta
833 2513 889 2582 bic
911 2530 1007 2601 sunt,
1026 2511 1137 2589 valent
1153 2514 1251 2581 etibm
1269 2532 1328 2602 pro
1437 2524 1438 2565 ³

323 2616 340 2659 c
407 2643 416 2662 .
1123 2658 1126 2664 .

244 2592 447 2749 Epdsarbbirus
461 2699 603 2774 tempore
611 2687 708 2778 pestis
719 2686 923 2759 eteomorbo‘
933 2687 1061 2754 infectis
1075 2701 1204 2754 tenetur
1210 2686 1330 2753 minis-

243 2780 327 2833 trare
342 2766 544 2837 Sacramenta
559 2773 729 2863 Baptismi,
750 2789 782 2840 et
797 2773 1011 2858 Poenitentiae,
1026 2787 1266 2841 utaunotatum
1281 2785 1330 2837 est
1437 2826 1438 2839 ,

245 2851 287 2916 V.
305 2851 496 2921 Paenitentia
510 2856 761 2939 Sacranaantum-,·
772 2860 827 2925 sed
841 2876 873 2925 et
887 2860 1066 2934 Viaticum,
1076 2880 1118 2925 ne
1133 2863 1225 2925 tanto
1240 2858 1326 2925 bono
1437 2920 1438 2945 ξ

236 2936 277 3002 in
292 2935 346 3005 illa
362 2943 545 3009 necessitate
560 2943 749 3010 Perochiani
768 2946 957 3035 priventur,
974 2943 1036 3011 uisi
1052 2945 1087 3010 in
1105 2966 1144 3010 eo
1169 2945 1326 3010 rarissimo
1437 2958 1438 2968 ¹

236 3044 335 3109 casu,
360 3026 393 3090 in
417 3046 483 3116 quo
505 3048 594 3093 rarus
621 3046 700 3096 esset
724 3029 895 3117 Sacerdos,
919 3027 970 3096 vel
991 3028 1174 3116 Parochas3
1199 3050 1325 3120 enque

237 3108 351 3184 beret,
370 3125 407 3176 ut
421 3129 493 3201 post
512 3113 766 3186 administratum
780 3115 1017 3185 Sacramentum
1032 3114 1231 3183 Poenitentiae
1246 3117 1321 3199 nni,

238 3216 308 3269 ³nou
324 3214 498 3286 superesset
515 3200 669 3288 spatium,
680 3194 812 3276 ¹'utnliis
827 3204 988 3271 morituris
999 3201 1197 3269 Poenitentiae
1212 3200 1321 3289 Sacra·
1381 3232 1384 3235 ·

242 3296 386 3348 mentum
401 3283 692 3356 administraretur:
703 3285 756 3353 vel
771 3290 795 3353 si
809 3288 1056 3355 eoSaeramento
1072 3287 1317 3355 administrando

169 3428 175 3445 ,
241 3383 377 3433 mortem
392 3372 494 3436 vitare
509 3393 574 3438 non
587 3388 705 3461 posset,
717 3390 748 3440 et
762 3374 807 3439 sio
843 3372 958 3465 opulus
973 3375 1198 3440 destitueretur
1213 3378 1319 3439 Sacer-

240 3452 391 3536 dotibus,
408 3471 444 3521 ut
462 3478 502 3522 ex
516 3457 661 3524 doctriua
678 3461 794 3535 suarii.
813 3398 863 3527 be
883 3460 962 3551 Syn.
978 3457 1081 3526 Dioec.
1107 3457 1166 3524 lib.
1195 3458 1235 3524 rb
1250 3480 1317 3548 cap.

238 3539 411 3626 ,19n.18,
431 3564 470 3629 19
489 3564 566 3608 nov.
593 3544 669 3611 edit.

284 3624 322 3688 ln
339 3627 451 3693 ordine
475 3629 515 3693 ad
536 3628 717 3696 Extremam
741 3630 935 3698 Unctionem
955 3651 995 3698 ex
1012 3630 1159 3697 doctrina
1182 3624 1316 3719 ejusden

188 3794 191 3799 y
239 3707 344 3775 Suarii
368 3727 446 3777 tunc
468 3729 594 3781 tenetur
610 3713 769 3783 Parocbns
792 3712 880 3785 illam
900 3717 1145 3805 administrare,
1162 3715 1313 3808 quatenus

216 3862 219 3867 ,
240 3791 347 3859 valeat
362 3795 479 3889 ubsque
501 3797 613 3869 morali
629 3802 708 3873 ,vite
724 3800 880 3892 periculo.
898 3802 979 3871 ibid.
1028 3850 1032 3857 «

616 3946 953 4048 ιιιιιιιοιιυιι.’

283 4110 528 4210 conitiorum
545 4124 639 4213 debet
660 4145 890 4232 Patrimonium
908 4146 1114 4225 iuitdtuttit
1128 4142 1310 4235 Citiissiasst
