2942 4717
284 244 359 315 Μ
479 248 628 339 Epitonte
642 247 808 317 Doctrinae
821 243 954 323 Moralis
969 260 1000 340 et
1015 243 1189 326 Canonicae'

277 356 398 512 pendi
416 352 650 433 Ordinesl’ro
667 353 869 423 invaliditate
891 355 991 446 hujus
1012 356 1355 435 ordinationisrefeitm

305 462 458 523 ,ecretuin
475 444 509 511 S.
528 442 804 530 Congregatiouis.
832 490 835 506 .
907 486 912 493 -

284 639 364 684 num
383 616 524 682 Clericus
542 617 619 706 (qui
636 616 804 680 falsaverat
822 611 1064 679 Testimoniales
1080 615 1228 681 ordinum
1242 631 1355 704 prece-

285 703 454 786 dentium,
471 702 614 792 adeoque
629 718 715 773 metii
732 723 958 791 censurarum,
975 722 1046 790 quae
1057 700 1089 765 in
1109 723 1147 766 eo
1160 723 1231 769 casu
1245 705 1359 783 commi·

283 790 358 856 nari
376 786 478 854 solent
497 790 531 852 iii
555 789 688 870 edicto,
709 786 824 852 habuit
848 787 1060 852 intentionem
1086 808 1152 851 non
1179 788 1359 876 suscipiendi

286 871 443 945 Ordinem
458 873 731 958 Subdiaoouatiis,
750 875 805 963 qui
822 888 900 938 tuuc
914 871 974 937 sibi
992 871 1033 937 ab
1049 872 1208 961 Episcopo
1225 875 1358 947 confere-
1433 934 1434 951 ,

284 959 400 1049 batur)
415 961 518 1060 reipsa
533 961 696 1032 ordinatus
712 958 817 1026 esset?
835 958 1015 1048 Respondit
1029 960 1107 1033 verb
1122 959 1176 1023 die
1188 961 1361 1044 24llugttsti
1433 1002 1434 1009 ι

286 1328 353 1375 nou
369 1303 528 1379 habuerit.
545 1303 626 1370 ibid.
643 1327 678 1368 n.
701 1303 753 1368 ιδ.
1073 1356 1076 1363 ,
1202 1367 1226 1373 „

331 1391 413 1457 Cum
429 1388 512 1456 malis
528 1390 682 1480 promotis
696 1389 738 1453 ad
754 1387 914 1470 Ordines,
927 1404 965 1454 et
978 1390 1142 1474 signanter
1158 1412 1233 1464 cum
1251 1413 1364 1479 promo

286 1481 328 1544 tis
342 1500 400 1568 per
415 1475 530 1542 saltum
546 1476 581 1541 iu
598 1474 720 1541 casibus
730 1472 861 1540 occultis
869 1475 975 1543 Ma'or
983 1475 1245 1558 Paenitentiarius
1258 1477 1367 1564 dispeu-

286 1586 355 1633 sare
370 1566 476 1652 'potest
485 1563 526 1627 ad
535 1560 703 1646 effectum,
720 1577 758 1626 ut
773 1562 902 1637 omissos
913 1498 1192 1638 -Mrdinesoccult‘e
1204 1563 1367 1651 suscipiant

244 1732 246 1737 Ι
285 1648 466 1740 bquolibet
481 1650 653 1732 Antistite,
671 1649 766 1713 etiam
783 1650 870 1714 extrb
879 1664 1022 1737 tempora
1033 1695 1044 1732 ,
1056 1671 1122 1715 non
1132 1650 1367 1714 servatisinter-

286 1740 406 1821 mitiis,
424 1751 456 1801 et
477 1735 595 1825 absque
610 1734 806 1802 Dimissoriis
826 1752 836 1798 t
859 1749 1044 1799 nontamen
1062 1751 1106 1800 iit-
1134 1732 1222 1800 lures
1240 1733 1367 1800 Ordines

286 1844 391 1897 sacros
414 1821 527 1888 eodein
549 1822 601 1886 die
623 1821 786 1910 suscipiat:
812 1816 903 1886 Bulla
923 1819 1091 1887 PASTOR
1111 1757 1269 1894 bONUS.
1292 1818 1367 1886 Bull.

290 1909 387 1976 Τοιιι.
409 1915 424 1973 1
441 1908 572 1995 n.‚95-§
592 1904 646 1972 ι8.’
946 1969 952 1979 ,
999 1964 1011 1987 4„
1060 1968 1064 1981 ,,
1231 1974 1252 1983 ,,

333 1997 502 2084 Dispensat
520 1995 615 2058 etiam
634 2015 705 2057 cum
721 1993 876 2084 promotis
890 1993 932 2059 ad
949 2015 1053 2057 sacros
1067 1991 1208 2058 Ordines
1217 2014 1277 2082 per
1289 1993 1370 2070 simo

285 2082 397 2166 iiiam,
414 2082 447 2145 in
465 2078 587 2147 casibus
601 2096 708 2146 tamen
725 2078 879 2164 occultis,
896 2079 979 2145 etin
998 2080 1072 2146 foro
1094 2076 1371 2158 conscientiaeaib.

288 2190 324 2237 n.
345 2189 410 2257 ¹⁹*
706 2212 948 2320 rtuoouus.
1025 2251 1028 2255 ’
1108 2258 1110 2261 ·

329 2425 490 2492 Paiocbus
505 2406 655 2501 actualis,
672 2425 769 2490 etiam
783 2422 951 2510 Regularis
968 2470 980 2508 ,
1002 2405 1208 2514 quocumque
1225 2419 1369 2513 appelle-

286 2527 340 2579 tur
355 2513 505 2596 nomine,
523 2512 639 2598 nempe
662 2511 785 2577 Vicarii
801 2511 969 2600 perpetui,
987 2533 1042 2575 seu
1057 2511 1097 2574 ad
1113 2525 1242 2600 tempus
1259 2511 1371 2577 consti-

285 2604 369 2675 tuti,
386 2615 510 2664 tenetur
519 2598 655 2697 Missam·
662 2595 892 2686 applicarepro
906 2594 1028 2746 populo
1040 2594 1371 2683 singulisdiebusfes·

285 2687 327 2758 tis
342 2687 383 2752 de
397 2700 579 2838 precepto,
597 2700 675 2753 utin
686 2681 845 2770 encyclica
857 2683 899 2750 ad
935 2685 1081 2772 piscopos
1090 2681 1189 2748 ltaliae
1199 2685 1371 2773 incipiente

286 2772 380 2843 CUM
409 2770 586 2852 ‘EMPER,
603 2767 686 2840 Ball.
705 2769 799 2834 Toni.
820 2792 833 2833 1
853 2791 888 2833 n.
908 2768 981 2834 103.
999 2769 1149 2835 Pontifex
1165 2770 1313 2849 mandat.

328 533 366 595 ln
383 533 476 597 Sacra
493 530 747 616 Congregatieue
763 530 815 593 die
831 527 868 594 51
888 508 997 596 Martii
1019 508 1125 613 1585,
1142 508 1288 614 agitatum
1297 509 1355 619 eit,
1433 504 1434 507 Ἴ

318 1048 428 1113 usdeiti
444 1070 520 1113 anui
543 1069 607 1111 esse
622 1049 738 1110 iteriiin
762 1044 980 1111 ordinandum
995 1041 1054 1131 sub
1075 1045 1282 1130 conditione,
1298 1068 1362 1121 uam
1433 1088 1434 1091 =

285 1071 343 1205 illd
359 1135 458 1200 animi
474 1131 734 1222 perturbatione,
752 1137 814 1222 qual
836 1132 1016 1216 agitabatur.
1023 1181 1029 1189 .>
1038 1127 1203 1214 Clericus,
1222 1132 1361 1198 nonsatis

288 1237 432 1294 constare
444 1235 585 1308 poterat,
605 1216 712 1283 utr‘iiui
729 1239 839 1284 verum
851 1217 995 1281 animum
1011 1217 1208 1307 suscipiendi
1222 1215 1364 1286 Ordinem
1433 1232 1434 1243 ¹

328 2859 363 2924 Si
379 2857 495 2922 habeat
510 2855 622 2922 diebus
637 2852 699 2921 illis
708 2853 786 2920 alias
799 2852 1008 2939 obligationes
1022 2853 1208 2944 applicandi
1226 2857 1368 2940 Missam,

259 2980 261 2985 v
285 2964 396 3009 curare
411 2941 527 3025 debet,
553 2940 667 3006 ut‘illis
682 2939 835 3030 perialios
856 2941 1038 3006 satisfaciat.
1061 2942 1143 3008 ibid.
1166 2964 1204 3007 n.
1223 2940 1267 3020 8,
1290 2942 1373 3015 Paio-
1433 2984 1434 3027 3

284 3028 478 3095 obistameu
502 3027 697 3117 pauperibus
714 3042 819 3116 potest
843 3027 1018 3126 Episcopus
1039 3025 1234 3113 indulgere,
1254 3045 1292 3094 ut
1313 3030 1372 3115 ipse
1433 3036 1434 3075 ἒ

284 3113 445 3180 Parachus
465 3112 634 3178 satisfaciat
644 3111 713 3177 aliis
722 3110 973 3197 obligationibus
983 3160 993 3197 ,
1004 3136 1075 3202 quae
1087 3114 1171 3179 forte
1179 3131 1371 3198 occurrunt,

284 3199 471 3358 applicandi
492 3198 620 3265 Missam
636 3198 761 3299 'diebus
782 3199 911 3283 Fastis,
938 3199 1113 3265 dummodli
1138 3216 1247 3269 tamen
1275 3201 1370 3266 eidem
1433 3228 1434 3265 i

283 3289 388 3356 bissae
408 3310 467 3376 pro
487 3284 608 3386 populo
633 3285 968 3385 iufra-hebdomadam
984 3285 1274 3385 satisfaciat.‚ibid3
1287 3309 1321 3353 n.
1341 3282 1370 3352 d.
1433 3336 1434 3351 i

284 3373 445 3440 Parochus
462 3376 555 3439 etiam
571 3371 797 3523 pinguioribus
813 3370 966 3443 reditibus
983 3373 1133 3460 praeditus
1149 3370 1371 3438 absolviturab
1433 3384 1434 3391 ’

284 3460 481 3545 obligatione
506 3481 569 3548 app

584 3459 696 3524 icatidi
711 3458 839 3523 Missam
864 3455 997 3542 siugulis
1013 3457 1125 3524 diebus
1142 3481 1202 3547 pro
1220 3456 1345 3557 popplo
1360 3462 1386 3542 ς’
1433 3450 1434 3473 ’

283 3548 459 3613 ἆιιιιιιιιοάὸ
475 3567 541 3611 nou
555 3543 647 3610 aliter
662 3548 695 3609 iri
713 3544 902 3611 fundatione
917 3543 1067 3611 Beneficii
1084 3562 1213 3612 cautum
1226 3546 1281 3612 sit.
1294 3544 1369 3611 ibid.
1433 3606 1434 3613 ,

220 3647 221 3650 ’
285 3655 322 3699 n.
340 3635 373 3699 6.
604 3698 606 3702 ,

297 3716 504 3788 ,warochum
520 3717 549 3782 tt
590 3714 711 3783 ularem
719 3739 777 3783 suo
786 3719 911 3783 muneri
922 3715 1124 3784 deficientem
1133 3732 1244 3808 potest
1260 3718 1372 3807 punire

228 3825 231 3830 ·
245 3811 248 3817 ’
264 3818 266 3822 ‘
281 3806 459 3905 Episcopus
479 3824 575 3869 cuinu
589 3805 673 3871 ativb
696 3826 769 3877 cum
794 3806 962 3892 superiore
981 3801 1154 3889 Regulari3
1172 3806 1215 3869 ifa
1234 3820 1367 3886 tamen,

280 3902 318 3956 ii't
334 3893 359 3956 si
374 3890 472 3955 aliter·
482 3904 598 3957 statuat
614 3891 765 3979 Superior
783 3888 956 3976 regularis,
973 3887 1066 3956 aliter
1080 3891 1194 3979 Episco
1218 3912 1277 3967 us,
1290 3907 1370 3958 stan-

280 3965 360 4041 dum
375 3978 416 4042 sit
431 3975 582 4065 Episcopi
598 3977 762 4043 mandato.
779 3978 826 4042 lta
842 3979 952 4043 statuit
969 3977 1117 4043 Pontifex
1133 3978 1167 4041 in
1209 3974 1276 4040 ulla
1290 3975 1370 4040 HR«

279 4061 458 4129 MANDIS.
480 4059 562 4129 Btill.
580 4062 674 4131 Tom.
703 4087 718 4127 1
737 4085 772 4127 n.
797 4086 870 4150 top.
888 4063 921 4129 Si
936 4064 1092 4131 removeri
1113 4062 1249 4146 debeat,
1266 4075 1369 4162 potest
1433 4092 1434 4103 i

281 4149 348 4211 tam
363 4148 477 4246 Episco
498 4170 538 4300 pls
557 4150 624 4213 sirie
641 4148 812 4241 Si‘iperioie
826 4148 985 4240 regulari,
1003 4152 1099 4241 quam
1114 4148 1170 4221 hic
1183 4149 1254 4221 sine
1270 4146 1325 4218 illo
1334 4144 1368 4215 id

282 4248 443 4323 praestare.
496 4257 506 4300 i
533 4279 542 4302 .
559 4256 595 4302 ιι.
616 4256 668 4303 ιι.

1433 4202 1435 4273 l
