2942 4717
387 246 480 334 §tlt
498 245 590 315 Circa
608 234 764 313 Officium
774 239 936 314 Doct'oris.
1024 275 1034 286 ⁴
1198 259 1238 317 tr

145 357 391 463 particulares
403 384 482 432 esse
497 358 555 432 his
572 359 761 459 principiis
776 357 1009 431 resolvendos
1020 384 1030 451 3
1043 359 1108 433 sed
1123 374 1245 438 totuin

152 486 264 558 opus,
289 474 326 532 et
345 473 442 531 totus
462 457 568 532 labor
585 472 639 532 est
653 460 692 529 in
711 456 921 554 adaptando
937 458 983 529 ad
1003 484 1107 532 casus
1127 464 1244 590 parti-

152 559 318 642 culares,
341 571 415 629 tam
441 555 590 630 dirersis
616 556 900 630 circumstantiis
937 558 1117 647 irretitos,
1144 560 1248 659 prin-¹

148 656 248 753 cipia
265 655 505 756 hujusmodi,
527 670 643 755 utque
662 654 913 743 discernatur,
930 655 1122 755 quodnam
1136 660 1245 758 prin·

146 756 335 854 cipiorum
349 753 631 828 occurrentibus
650 753 935 828 circumstantiis
958 771 1135 852 congruat
1151 781 1161 847 ;
1180 782 1245 828 ne·

150 855 232 953 quit
256 852 297 926 id
320 855 398 927 lieri
416 853 498 927 sine
516 879 648 952 magna
671 852 898 925 discussione
925 853 1131 937 rationum,
1160 881 1248 957 quae

153 967 319 1049 proutra
350 979 396 1026 ue
411 967 514 1050 parte
533 951 678 1025 adsunt.
699 953 749 1024 Et
763 950 833 1023 hoe
846 965 901 1023 est
916 950 1030 1040 illud,
1045 953 1146 1051 quod
1165 957 1248 1028 Mo«

151 1050 286 1123 ralistae
304 979 527 1141 eiecerunt,
544 1050 634 1123 dum
652 1047 891 1127 elabordrunt
906 1051 944 1122 in
963 1051 1204 1150 explicando,
1224 1058 1245 1128 i

149 1148 288 1244 q'uihus
309 1149 502 1250 principiis
524 1150 634 1223 multi
650 1175 756 1221 casus
776 1148 1012 1247 particulares
1034 1149 1166 1224 resolvi
1183 1151 1248 1224 de*

113 1329 120 1338 ἱ
151 1245 297 1321 herent.
323 1250 498 1323 Praetereo
513 1303 523 1338 ,
541 1249 610 1322 hae
634 1249 759 1321 nostri
783 1262 1023 1342 tempestate,
1043 1264 1083 1322 ut
1103 1249 1247 1324 dictum

148 1362 218 1437 est,
229 1344 427 1420 adsuuttot
436 1347 533 1446 leges
542 1347 714 1446 positivae,
728 1358 783 1420 tot
792 1344 921 1431 Bullae,
931 1362 984 1420 tot
993 1347 1150 1434 decreta,
1159 1371 1248 1448 quoe

147 1461 344 1543 nequeunt
357 1447 459 1536 sciri,
476 1446 547 1518 nisi
560 1446 736 1520 Casuistae
750 1445 936 1540 legantur,
947 1448 1010 1544 qui
1028 1472 1069 1519 ea
1087 1445 1262 1547 college·‚·

148 1557 263 1631 runt,
286 1559 323 1616 et
345 1543 456 1639 proiit
471 1548 706 1619 materiarum
727 1545 880 1616 varietas
898 1545 1083 1641 postulat,
1102 1544 1154 1618 ibi
1172 1574 1251 1645 ope

149 1643 312 1741 portuni
326 1641 389 1715 illa
403 1639 641 1717 inveniuntur
655 1669 665 1728 3
681 1638 863 1742 ideoque,
880 1640 955 1741 qud
969 1643 1187 1718 recentiores
1203 1646 1245 1721 hi

152 1741 353 1816 Moralistoe
381 1755 494 1830 sunt,
517 1739 562 1815 ed
588 1742 749 1842 antiquis
776 1739 954 1815 utiliores.
978 1742 1081 1814 lusti
1104 1743 1247 1819 ratione

149 1854 280 1912 motus
305 1853 433 1914 auctor
461 1842 753 1915 instructionum
808 1865 849 1912 ro
880 1841 983 1912 noris
1007 1840 1246 1917 confessariis

149 1940 272 2024 (Part.
283 1965 326 2014 r.
347 1943 411 2035 rs)
426 1938 603 2031 affirmat,
617 1940 759 2014 multos
774 1866 982 2036 ‘iheologos
1003 1940 1143 2039 quanto
1160 1966 1249 2040 pro-

150 2035 345 2110 fundiores
362 2038 401 2109 in
421 2037 583 2111 scientiis
607 2037 866 2138 speculativis,
886 2038 991 2111 tanto
1019 2036 1186 2112 rudiores
1204 2041 1248 2113 in

150 2136 315 2209 scientiis
344 2132 571 2222 moralibus,
592 2159 702 2234 quae,
725 2151 768 2210 ot
784 2134 1080 2211 scribit'Gerson
1092 2139 1252 2308 filmer,

152 2232 199 2307 de
216 2235 317 2308 Orat.
328 2234 360 2330 )‚
379 2237 546 2308 omnium
563 2233 790 2311 dillieillimae
804 2248 957 2326 suut,et
971 2259 1080 2308 nemo
1120 2250 1246 2328 octos,

157 2332 395 2434 quantumvis
419 2333 524 2406 sitin
550 2332 918 2423 iris‘rersatissimus,
943 2346 1019 2422 est,
1048 2335 1109 2410 coi
1127 2335 1248 2411 indies

151 2457 246 2505 nora
260 2439 341 2505 'non
358 2430 527 2509 accidant
542 2456 552 2524 ;
568 2457 612 2505 ex
628 2458 703 2532 quo
720 2431 853 2519 infert,
870 2437 1076 2530 numquim
1093 2433 1249 2508 Confes-

153 2534 249 2604 sario
279 2530 527 2604 deserendum
552 2556 631 2603 esse
655 2528 868 2627 Theologiae
889 2529 1042 2608 Moralis
1065 2531 1246 2606 studium.

151 2629 396 2705 Doctissimos
425 2628 582 2730 Sperelli
612 2619 686 2725 (De
701 2627 827 2728 Episc.
855 2652 892 2726 p.
917 2626 939 2700 3
962 2653 996 2700 e.
1022 2629 1088 2722 4),
1113 2632 1251 2728 pariter

151 2726 260 2819 dicit,
276 2726 385 2827 longe
396 2753 516 2801 errare
532 2753 593 2801 eos
606 2725 875 2813 confessarios,
894 2725 959 2825 qui
972 2739 1065 2799 totos
1080 2726 1250 2801 Scholas-

151 2831 237 2901 ticae
254 2825 375 2900 studio
395 2852 433 2900 se
455 2826 668 2926 applicant,
688 2827 930 2909 aestimantes,
945 2838 1092 2924 tempus
1108 2825 1147 2899 in
1170 2830 1252 2902 Mo·

152 2924 222 3000 rali
244 2925 377 2999 lrustrit
405 2925 587 3024 expendi:
606 2941 642 2999 et
658 2928 794 3024 'postea
824 2923 997 2996 nesciunt
1026 2925 1253 3024 distinguere

150 3024 297 3123 lepram
326 3028 345 3097 i
371 3024 475 3123 lepra
493 3050 502 3112 ;
523 3026 589 3123 qui
615 3048 718 3097 error
742 3020 984 3123 (subjungit)
999 3023 1251 3099 Coniessnrios

150 3122 266 3198 simul
282 3180 291 3209 ,
305 3139 352 3208 „et
369 3124 592 3224 prenitentes
616 3126 655 3195 in
672 3135 847 3196 aeternam
865 3120 1110 3221 perditionem
1126 3124 1253 3202 trahit.

211 3223 265 3296 18.
287 3222 369 3295 Nou
397 3247 444 3294 ne
470 3247 573 3295 amus
589 3237 732 3311 autem,
749 3221 930 3293 minorem
946 3220 1136 3294 scientiam
1156 3223 1252 3320 exigi

146 3322 193 3394 'in
217 3319 411 3393 audiendis
441 3249 741 3394 doufessionibus
764 3317 1013 3418 simplicium,
1042 3336 1077 3392 et
1092 3326 1254 3395 rustico·-

152 3446 239 3493 rum
259 3476 268 3504 ,
291 3419 403 3521 quim
424 3419 723 3503 Cutialistnrum,
740 3419 1034 3517 Negotiantium,
1048 3418 1256 3493 Ecclesias-

92 3603 96 3608 Δ
151 3519 390 3610 deorumst
407 3517 596 3591 similium.
620 3519 743 3593 Minor
759 3517 847 3589 item
862 3517 1014 3589 scientia
1032 3520 1253 3617 requiritur,

154 3632 200 3690 nt
217 3618 414 3690 audiantur
435 3617 691 3691 Confessiones
712 3616 751 3688 in
776 3614 925 3713 Oppido
942 3670 950 3699 ,
969 3620 1082 3715 quim
1097 3614 1136 3686 in
1151 3619 1254 3691 Civi-

154 3728 230 3788 tate
246 3744 254 3785 2
273 3731 310 3788 et
328 3711 518 3814 'praecipui
534 3716 563 3789 si
583 3713 721 3788 alicubi
741 3713 789 3787 sit
807 3727 909 3787 tanta
936 3713 1254 3791 confessariorum

151 3815 306 3914 inopia,
326 3828 366 3885 ut
382 3816 602 3911 poenitentes
635 3810 794 3886 debeant
816 3827 880 3884 aut
902 3811 1138 3913 perlongum
1157 3830 1257 3887 tem·

155 3940 229 4010 pus
243 3916 265 3985 a
281 3913 519 3986 Confessione
536 3912 738 4001 abstinere,
753 3926 815 3985 aut
829 3909 902 3983 alid
917 3912 1101 4007 proficisci
1113 3912 1253 4009 (Ibidis

152 4011 231 4085 Sed
247 4012 320 4085 hoc
336 4039 412 4086 nou
431 4010 565 4085 sufficit
582 4010 628 4083 ad
650 4009 879 4083 excusandos
894 4011 1037 4110 aliquos
1054 4009 1253 4084 Confessat

156 4112 257 4216 rios,
277 4112 344 4213 'qui
365 4108 910 4215 cursim21eotduliquabreri
932 4111 1083 4185 Summa
1103 4112 1232 4187 morali
1245 4165 1265 4216 ῃ,
