<?xml version="1.0" encoding="UTF-8"?>
<!DOCTYPE html PUBLIC "-//W3C//DTD XHTML 1.0 Transitional//EN"
    "http://www.w3.org/TR/xhtml1/DTD/xhtml1-transitional.dtd">
<html xmlns="http://www.w3.org/1999/xhtml" xml:lang="en" lang="en">
 <head>
  <title>
</title>
<meta http-equiv="Content-Type" content="text/html;charset=utf-8" />
  <meta name='ocr-system' content='tesseract 3.04.00' />
  <meta name='ocr-capabilities' content='ocr_page ocr_carea ocr_par ocr_line ocrx_word'/>
</head>
<body>
  <div class='ocr_page' id='page_1' title='image "./theologiamorali02mansgoog_0032.png"; bbox 0 0 2942 4717; ppageno 0'>
   <div class='ocr_carea' id='block_1_1' title="bbox 123 173 1322 3169">
    <p class='ocr_par' dir='ltr' id='par_1_1' title="bbox 214 173 933 288">
     <span class='ocr_line' id='line_1_1' title="bbox 214 173 933 288; baseline -0.008 -17"><span class='ocrx_word' id='word_1_1' title='bbox 214 201 263 288; x_wconf 76' lang='lat' dir='ltr'><strong>sa</strong></span> <span class='ocrx_word' id='word_1_2' title='bbox 594 173 711 268; x_wconf 68' lang='lat' dir='ltr'><strong>iuss</strong></span> <span class='ocrx_word' id='word_1_3' title='bbox 725 194 933 269; x_wconf 59' lang='lat' dir='ltr'><strong>toreama.</strong></span> 
     </span>
    </p>

    <p class='ocr_par' dir='ltr' id='par_1_2' title="bbox 123 307 1322 3169">
     <span class='ocr_line' id='line_1_2' title="bbox 215 307 1311 411; baseline -0.004 -25"><span class='ocrx_word' id='word_1_4' title='bbox 215 338 298 387; x_wconf 87' lang='lat' dir='ltr'><strong>ram</strong></span> <span class='ocrx_word' id='word_1_5' title='bbox 315 337 378 387; x_wconf 85' lang='lat' dir='ltr'><strong>eos</strong></span> <span class='ocrx_word' id='word_1_6' title='bbox 397 335 521 410; x_wconf 78' lang='lat' dir='ltr'><strong>agere,</strong></span> <span class='ocrx_word' id='word_1_7' title='bbox 537 311 726 411; x_wconf 85' lang='lat' dir='ltr'><strong>qni-rudes</strong></span> <span class='ocrx_word' id='word_1_8' title='bbox 743 310 953 395; x_wconf 80' lang='lat' dir='ltr'><strong>dimittunt,</strong></span> <span class='ocrx_word' id='word_1_9' title='bbox 970 321 1012 384; x_wconf 89' lang='lat' dir='ltr'><strong>ut</strong></span> <span class='ocrx_word' id='word_1_10' title='bbox 1026 307 1160 385; x_wconf 79' lang='lat' dir='ltr'><strong>meliirs</strong></span> <span class='ocrx_word' id='word_1_11' title='bbox 1173 335 1214 384; x_wconf 84' lang='lat' dir='ltr'><strong>se</strong></span> <span class='ocrx_word' id='word_1_12' title='bbox 1226 332 1311 382; x_wconf 75' lang='lat' dir='ltr'><strong>exa·</strong></span> 
     </span>
     <span class='ocr_line' id='line_1_3' title="bbox 215 408 1314 510; baseline -0.003 -25"><span class='ocrx_word' id='word_1_13' title='bbox 215 416 375 486; x_wconf 87' lang='lat' dir='ltr'><strong>minent.</strong></span> <span class='ocrx_word' id='word_1_14' title='bbox 398 412 480 486; x_wconf 91' lang='lat' dir='ltr'><strong>Hoc</strong></span> <span class='ocrx_word' id='word_1_15' title='bbox 495 411 536 484; x_wconf 90' lang='lat' dir='ltr'><strong>P.</strong></span> <span class='ocrx_word' id='word_1_16' title='bbox 557 412 739 510; x_wconf 83' lang='lat' dir='ltr'><strong>Segneri(</strong></span> <span class='ocrx_word' id='word_1_17' title='bbox 761 408 925 485; x_wconf 83' lang='lat' dir='ltr'><strong>Confess.</strong></span> <span class='ocrx_word' id='word_1_18' title='bbox 949 411 1041 486; x_wconf 86' lang='lat' dir='ltr'><strong>Inst.</strong></span> <span class='ocrx_word' id='word_1_19' title='bbox 1059 436 1094 484; x_wconf 86' lang='lat' dir='ltr'><strong>c.</strong></span> <span class='ocrx_word' id='word_1_20' title='bbox 1115 437 1149 484; x_wconf 69' lang='grc' dir='ltr'><strong>α.</strong></span> <span class='ocrx_word' id='word_1_21' title='bbox 1169 412 1183 502; x_wconf 89' lang='grc'>)</span> <span class='ocrx_word' id='word_1_22' title='bbox 1202 422 1314 482; x_wconf 84' lang='lat' dir='ltr'><strong>vocat</strong></span> 
     </span>
     <span class='ocr_line' id='line_1_4' title="bbox 198 501 1311 608; baseline -0.004 -24"><span class='ocrx_word' id='word_1_23' title='bbox 198 535 380 606; x_wconf 78' lang='lat' dir='ltr'><strong>¹errorem</strong></span> <span class='ocrx_word' id='word_1_24' title='bbox 400 501 691 598; x_wconf 75' lang='lat' dir='ltr'><strong>intolerabilem,</strong></span> <span class='ocrx_word' id='word_1_25' title='bbox 712 522 750 582; x_wconf 91' lang='lat' dir='ltr'><strong>et</strong></span> <span class='ocrx_word' id='word_1_26' title='bbox 778 512 860 608; x_wconf 81' lang='lat' dir='ltr'><strong>jure</strong></span> <span class='ocrx_word' id='word_1_27' title='bbox 885 508 1047 608; x_wconf 75' lang='lat' dir='ltr'><strong>optimo:</strong></span> <span class='ocrx_word' id='word_1_28' title='bbox 1067 510 1157 608; x_wconf 81' lang='lat' dir='ltr'><strong>qnia·</strong></span> <span class='ocrx_word' id='word_1_29' title='bbox 1174 507 1311 607; x_wconf 79' lang='lat' dir='ltr'><strong>hujus-</strong></span> 
     </span>
     <span class='ocr_line' id='line_1_5' title="bbox 215 605 1312 710; baseline -0.007 -28"><span class='ocrx_word' id='word_1_30' title='bbox 215 609 321 683; x_wconf 86' lang='lat' dir='ltr'>modi</span> <span class='ocrx_word' id='word_1_31' title='bbox 344 608 535 699; x_wconf 87' lang='lat' dir='ltr'><strong>homines‚</strong></span> <span class='ocrx_word' id='word_1_32' title='bbox 552 606 735 710; x_wconf 88' lang='lat' dir='ltr'><strong>quantirm</strong></span> <span class='ocrx_word' id='word_1_33' title='bbox 753 605 945 695; x_wconf 82' lang='lat' dir='ltr'><strong>laborent,</strong></span> <span class='ocrx_word' id='word_1_34' title='bbox 963 606 1161 682; x_wconf 82' lang='lat' dir='ltr'><strong>difficulter</strong></span> <span class='ocrx_word' id='word_1_35' title='bbox 1176 623 1214 680; x_wconf 85' lang='lat' dir='ltr'><strong>se</strong></span> <span class='ocrx_word' id='word_1_36' title='bbox 1228 632 1312 680; x_wconf 63' lang='lat' dir='ltr'><strong>exos</strong></span> 
     </span>
     <span class='ocr_line' id='line_1_6' title="bbox 213 705 1312 809; baseline -0.003 -29"><span class='ocrx_word' id='word_1_37' title='bbox 213 706 438 798; x_wconf 82' lang='lat' dir='ltr'><strong>minabunt,</strong></span> <span class='ocrx_word' id='word_1_38' title='bbox 458 705 500 780; x_wconf 85' lang='lat' dir='ltr'><strong>irt</strong></span> <span class='ocrx_word' id='word_1_39' title='bbox 516 731 584 807; x_wconf 86' lang='lat' dir='ltr'><strong>par</strong></span> <span class='ocrx_word' id='word_1_40' title='bbox 599 721 673 793; x_wconf 83' lang='lat' dir='ltr'><strong>est,</strong></span> <span class='ocrx_word' id='word_1_41' title='bbox 692 719 729 780; x_wconf 86' lang='lat' dir='ltr'><strong>et</strong></span> <span class='ocrx_word' id='word_1_42' title='bbox 744 709 793 781; x_wconf 77' lang='lat' dir='ltr'><strong>itt</strong></span> <span class='ocrx_word' id='word_1_43' title='bbox 814 705 939 783; x_wconf 63' lang='lat' dir='ltr'><strong>exacti</strong></span> <span class='ocrx_word' id='word_1_44' title='bbox 954 706 1075 795; x_wconf 83' lang='lat' dir='ltr'><strong>‚sicirt</strong></span> <span class='ocrx_word' id='word_1_45' title='bbox 1092 720 1214 809; x_wconf 86' lang='lat' dir='ltr'><strong>potest</strong></span> <span class='ocrx_word' id='word_1_46' title='bbox 1230 706 1312 801; x_wconf 80' lang='lat' dir='ltr'><strong>ipae</strong></span> 
     </span>
     <span class='ocr_line' id='line_1_7' title="bbox 202 803 1312 895; baseline -0.005 -14"><span class='ocrx_word' id='word_1_47' title='bbox 202 804 469 881; x_wconf 75' lang='lat' dir='ltr'><strong>‚Confessarius</strong></span> <span class='ocrx_word' id='word_1_48' title='bbox 485 806 806 891; x_wconf 75' lang='lat' dir='ltr'><strong>eos-examinare3</strong></span> <span class='ocrx_word' id='word_1_49' title='bbox 826 820 864 880; x_wconf 89' lang='lat' dir='ltr'><strong>et</strong></span> <span class='ocrx_word' id='word_1_50' title='bbox 889 810 1016 880; x_wconf 71' lang='lat' dir='ltr'><strong>contri</strong></span> <span class='ocrx_word' id='word_1_51' title='bbox 1035 862 1044 895; x_wconf 88' lang='lat'>,</span> <span class='ocrx_word' id='word_1_52' title='bbox 1063 807 1151 881; x_wconf 90' lang='lat' dir='ltr'><strong>curn</strong></span> <span class='ocrx_word' id='word_1_53' title='bbox 1167 803 1312 877; x_wconf 83' lang='lat' dir='ltr'>dimissi</span> 
     </span>
     <span class='ocr_line' id='line_1_8' title="bbox 213 902 1314 1003; baseline -0.005 -24"><span class='ocrx_word' id='word_1_54' title='bbox 213 919 307 979; x_wconf 71' lang='lat' dir='ltr'><strong>tunt</strong></span> <span class='ocrx_word' id='word_1_55' title='bbox 324 904 561 1003; x_wconf 86' lang='lat' dir='ltr'><strong>,periculum</strong></span> <span class='ocrx_word' id='word_1_56' title='bbox 578 906 670 992; x_wconf 83' lang='lat' dir='ltr'><strong>erit,</strong></span> <span class='ocrx_word' id='word_1_57' title='bbox 692 918 734 977; x_wconf 86' lang='lat' dir='ltr'><strong>ut</strong></span> <span class='ocrx_word' id='word_1_58' title='bbox 756 905 917 979; x_wconf 81' lang='lat' dir='ltr'><strong>exterriti</strong></span> <span class='ocrx_word' id='word_1_59' title='bbox 942 902 1159 980; x_wconf 87' lang='lat' dir='ltr'><strong>difficultate</strong></span> <span class='ocrx_word' id='word_1_60' title='bbox 1172 928 1211 975; x_wconf 90' lang='lat' dir='ltr'><strong>se</strong></span> <span class='ocrx_word' id='word_1_61' title='bbox 1229 929 1314 977; x_wconf 81' lang='lat' dir='ltr'><strong>exa·</strong></span> 
     </span>
     <span class='ocr_line' id='line_1_9' title="bbox 215 999 1315 1104; baseline 0.001 -29"><span class='ocrx_word' id='word_1_62' title='bbox 215 1003 404 1093; x_wconf 83' lang='lat' dir='ltr'><strong>minandi,</strong></span> <span class='ocrx_word' id='word_1_63' title='bbox 418 1009 439 1077; x_wconf 74' lang='grc' dir='ltr'>ὲ</span> <span class='ocrx_word' id='word_1_64' title='bbox 456 1003 668 1078; x_wconf 83' lang='lat' dir='ltr'><strong>confitendo</strong></span> <span class='ocrx_word' id='word_1_65' title='bbox 685 1003 937 1092; x_wconf 74' lang='lat' dir='ltr'><strong>retrahuntur,</strong></span> <span class='ocrx_word' id='word_1_66' title='bbox 953 1017 990 1077; x_wconf 88' lang='lat' dir='ltr'><strong>et</strong></span> <span class='ocrx_word' id='word_1_67' title='bbox 1008 1004 1048 1078; x_wconf 91' lang='lat' dir='ltr'><strong>in</strong></span> <span class='ocrx_word' id='word_1_68' title='bbox 1072 1003 1231 1104; x_wconf 85' lang='lat' dir='ltr'><strong>peccatis</strong></span> <span class='ocrx_word' id='word_1_69' title='bbox 1245 999 1315 1076; x_wconf 81' lang='lat' dir='ltr'><strong>ob·</strong></span> 
     </span>
     <span class='ocr_line' id='line_1_10' title="bbox 217 1099 1314 1203; baseline 0.002 -30"><span class='ocrx_word' id='word_1_70' title='bbox 217 1101 449 1195; x_wconf 86' lang='lat' dir='ltr'><strong>durescant(</strong></span> <span class='ocrx_word' id='word_1_71' title='bbox 468 1099 560 1175; x_wconf 83' lang='lat' dir='ltr'>ibid.</span> <span class='ocrx_word' id='word_1_72' title='bbox 587 1128 619 1176; x_wconf 85' lang='lat' dir='ltr'><strong>v.</strong></span> <span class='ocrx_word' id='word_1_73' title='bbox 649 1101 721 1175; x_wconf 86' lang='lat' dir='ltr'><strong>Sed</strong></span> <span class='ocrx_word' id='word_1_74' title='bbox 744 1101 843 1193; x_wconf 78' lang='lat' dir='ltr'><strong>haec3</strong></span> <span class='ocrx_word' id='word_1_75' title='bbox 863 1102 909 1177; x_wconf 85' lang='lat' dir='ltr'><strong>ad</strong></span> <span class='ocrx_word' id='word_1_76' title='bbox 935 1127 973 1175; x_wconf 83' lang='lat' dir='ltr'><strong>n.</strong></span> <span class='ocrx_word' id='word_1_77' title='bbox 999 1101 1030 1175; x_wconf 90' lang='grc' dir='ltr'><strong>Ι.</strong></span> <span class='ocrx_word' id='word_1_78' title='bbox 1052 1099 1088 1196; x_wconf 89' lang='grc'><strong>);</strong></span> <span class='ocrx_word' id='word_1_79' title='bbox 1106 1128 1179 1203; x_wconf 85' lang='lat' dir='ltr'><strong>qna</strong></span> <span class='ocrx_word' id='word_1_80' title='bbox 1205 1100 1252 1174; x_wconf 79' lang='lat' dir='ltr'><strong>de</strong></span> <span class='ocrx_word' id='word_1_81' title='bbox 1273 1124 1314 1175; x_wconf 88' lang='lat' dir='ltr'><strong>re</strong></span> 
     </span>
     <span class='ocr_line' id='line_1_11' title="bbox 216 1197 1313 1302; baseline -0.002 -29"><span class='ocrx_word' id='word_1_82' title='bbox 216 1198 470 1280; x_wconf 76' lang='lat' dir='ltr'><strong>Confesserius</strong></span> <span class='ocrx_word' id='word_1_83' title='bbox 499 1200 612 1275; x_wconf 91' lang='lat' dir='ltr'><strong>debet</strong></span> <span class='ocrx_word' id='word_1_84' title='bbox 635 1202 713 1301; x_wconf 87' lang='lat' dir='ltr'><strong>ipse</strong></span> <span class='ocrx_word' id='word_1_85' title='bbox 738 1226 784 1276; x_wconf 82' lang='lat' dir='ltr'><strong>cx</strong></span> <span class='ocrx_word' id='word_1_86' title='bbox 811 1200 1028 1302; x_wconf 84' lang='lat' dir='ltr'><strong>hujusmodi</strong></span> <span class='ocrx_word' id='word_1_87' title='bbox 1048 1197 1313 1300; x_wconf 77' lang='lat' dir='ltr'><strong>poeuitentibur</strong></span> 
     </span>
     <span class='ocr_line' id='line_1_12' title="bbox 215 1296 1315 1400; baseline -0.003 -28"><span class='ocrx_word' id='word_1_88' title='bbox 215 1313 370 1399; x_wconf 84' lang='lat' dir='ltr'><strong>peccata</strong></span> <span class='ocrx_word' id='word_1_89' title='bbox 383 1299 606 1400; x_wconf 74' lang='lat' dir='ltr'><strong>exquirere,</strong></span> <span class='ocrx_word' id='word_1_90' title='bbox 622 1321 684 1375; x_wconf 84' lang='lat' dir='ltr'><strong>eoa</strong></span> <span class='ocrx_word' id='word_1_91' title='bbox 700 1298 960 1398; x_wconf 82' lang='lat' dir='ltr'><strong>interrogando</strong></span> <span class='ocrx_word' id='word_1_92' title='bbox 986 1297 1192 1374; x_wconf 73' lang='lat' dir='ltr'><strong>secundum</strong></span> <span class='ocrx_word' id='word_1_93' title='bbox 1209 1296 1315 1371; x_wconf 83' lang='lat' dir='ltr'><strong>ordi·</strong></span> 
     </span>
     <span class='ocr_line' id='line_1_13' title="bbox 129 1396 1313 1500; baseline 0.002 -28"><span class='ocrx_word' id='word_1_94' title='bbox 129 1445 139 1452; x_wconf 74' lang='lat'><em>,</em></span> <span class='ocrx_word' id='word_1_95' title='bbox 215 1422 304 1472; x_wconf 82' lang='lat' dir='ltr'><strong>nem</strong></span> <span class='ocrx_word' id='word_1_96' title='bbox 330 1414 618 1499; x_wconf 78' lang='lat' dir='ltr'><strong>praeceptorum,</strong></span> <span class='ocrx_word' id='word_1_97' title='bbox 630 1396 816 1500; x_wconf 70' lang='lat' dir='ltr'><strong>praecipui</strong></span> <span class='ocrx_word' id='word_1_98' title='bbox 831 1401 860 1473; x_wconf 90' lang='lat' dir='ltr'><strong>si</strong></span> <span class='ocrx_word' id='word_1_99' title='bbox 876 1414 963 1473; x_wconf 85' lang='lat' dir='ltr'><strong>sunt</strong></span> <span class='ocrx_word' id='word_1_100' title='bbox 977 1397 1109 1472; x_wconf 82' lang='lat' dir='ltr'><strong>lomnli</strong></span> <span class='ocrx_word' id='word_1_101' title='bbox 1125 1452 1135 1483; x_wconf 86' lang='lat'><strong>,</strong></span> <span class='ocrx_word' id='word_1_102' title='bbox 1154 1398 1313 1492; x_wconf 61' lang='lat' dir='ltr'><strong>aurigm.</strong></span> 
     </span>
     <span class='ocr_line' id='line_1_14' title="bbox 215 1494 1316 1596; baseline -0.002 -26"><span class='ocrx_word' id='word_1_103' title='bbox 215 1494 419 1587; x_wconf 86' lang='lat' dir='ltr'><strong>muliones,</strong></span> <span class='ocrx_word' id='word_1_104' title='bbox 438 1496 574 1571; x_wconf 77' lang='lat' dir='ltr'><strong>milites</strong></span> <span class='ocrx_word' id='word_1_105' title='bbox 591 1553 602 1588; x_wconf 84' lang='lat'>‚</span> <span class='ocrx_word' id='word_1_106' title='bbox 622 1496 816 1580; x_wconf 70' lang='lat' dir='ltr'><strong>satellites,</strong></span> <span class='ocrx_word' id='word_1_107' title='bbox 834 1522 1020 1596; x_wconf 79' lang='lat' dir='ltr'><strong>caupones</strong></span> <span class='ocrx_word' id='word_1_108' title='bbox 1037 1551 1048 1582; x_wconf 89' lang='lat'><strong>‚</strong></span> <span class='ocrx_word' id='word_1_109' title='bbox 1064 1511 1101 1571; x_wconf 90' lang='lat' dir='ltr'><strong>et</strong></span> <span class='ocrx_word' id='word_1_110' title='bbox 1118 1494 1179 1569; x_wconf 78' lang='lat' dir='ltr'><strong>ulii</strong></span> <span class='ocrx_word' id='word_1_111' title='bbox 1199 1495 1316 1595; x_wconf 81' lang='lat' dir='ltr'><strong>hujus</strong></span> 
     </span>
     <span class='ocr_line' id='line_1_15' title="bbox 216 1593 1317 1696; baseline 0 -30"><span class='ocrx_word' id='word_1_112' title='bbox 216 1596 385 1694; x_wconf 82' lang='lat' dir='ltr'><strong>generis,</strong></span> <span class='ocrx_word' id='word_1_113' title='bbox 404 1596 468 1696; x_wconf 92' lang='lat' dir='ltr'><strong>qui</strong></span> <span class='ocrx_word' id='word_1_114' title='bbox 496 1598 608 1677; x_wconf 76' lang='lat' dir='ltr'><strong>ritum</strong></span> <span class='ocrx_word' id='word_1_115' title='bbox 625 1597 747 1669; x_wconf 84' lang='lat' dir='ltr'><strong>solent</strong></span> <span class='ocrx_word' id='word_1_116' title='bbox 768 1596 904 1689; x_wconf 84' lang='lat' dir='ltr'><strong>ducere</strong></span> <span class='ocrx_word' id='word_1_117' title='bbox 930 1611 1075 1670; x_wconf 80' lang='lat' dir='ltr'><strong>aeteruae</strong></span> <span class='ocrx_word' id='word_1_118' title='bbox 1100 1593 1232 1669; x_wconf 79' lang='lat' dir='ltr'><strong>salutis</strong></span> <span class='ocrx_word' id='word_1_119' title='bbox 1247 1619 1317 1667; x_wconf 88' lang='lat' dir='ltr'><strong>ne-</strong></span> 
     </span>
     <span class='ocr_line' id='line_1_16' title="bbox 218 1691 1316 1794; baseline -0.001 -28"><span class='ocrx_word' id='word_1_120' title='bbox 218 1694 396 1790; x_wconf 81' lang='lat' dir='ltr'><strong>gligentes</strong></span> <span class='ocrx_word' id='word_1_121' title='bbox 423 1708 460 1768; x_wconf 86' lang='lat' dir='ltr'><strong>et</strong></span> <span class='ocrx_word' id='word_1_122' title='bbox 484 1720 608 1770; x_wconf 90' lang='lat' dir='ltr'><strong>rerum</strong></span> <span class='ocrx_word' id='word_1_123' title='bbox 637 1695 857 1771; x_wconf 76' lang='lat' dir='ltr'><strong>Divinarum</strong></span> <span class='ocrx_word' id='word_1_124' title='bbox 875 1696 1088 1793; x_wconf 77' lang='lat' dir='ltr'><strong>ignorantes</strong></span> <span class='ocrx_word' id='word_1_125' title='bbox 1106 1751 1116 1783; x_wconf 83' lang='lat'>‚</span> <span class='ocrx_word' id='word_1_126' title='bbox 1132 1691 1275 1794; x_wconf 88' lang='lat' dir='ltr'><strong>procul</strong></span> <span class='ocrx_word' id='word_1_127' title='bbox 1293 1695 1316 1765; x_wconf 72' lang='lat' dir='ltr'><strong>t</strong></span> 
     </span>
     <span class='ocr_line' id='line_1_17' title="bbox 217 1789 1317 1895; baseline -0.001 -30"><span class='ocrx_word' id='word_1_128' title='bbox 217 1792 495 1880; x_wconf 75' lang='lat' dir='ltr'><strong>Concionibus,</strong></span> <span class='ocrx_word' id='word_1_129' title='bbox 513 1811 549 1867; x_wconf 88' lang='lat' dir='ltr'><strong>et</strong></span> <span class='ocrx_word' id='word_1_130' title='bbox 567 1793 757 1868; x_wconf 87' lang='lat' dir='ltr'><strong>Ecclesiis.</strong></span> <span class='ocrx_word' id='word_1_131' title='bbox 782 1794 832 1868; x_wconf 84' lang='lat' dir='ltr'><strong>Et</strong></span> <span class='ocrx_word' id='word_1_132' title='bbox 848 1797 954 1895; x_wconf 82' lang='lat' dir='ltr'><strong>pe‘or</strong></span> <span class='ocrx_word' id='word_1_133' title='bbox 974 1819 1077 1868; x_wconf 88' lang='lat' dir='ltr'><strong>error</strong></span> <span class='ocrx_word' id='word_1_134' title='bbox 1090 1808 1205 1879; x_wconf 81' lang='lat' dir='ltr'><strong>essct,</strong></span> <span class='ocrx_word' id='word_1_135' title='bbox 1218 1793 1250 1867; x_wconf 84' lang='lat' dir='ltr'><strong>si</strong></span> <span class='ocrx_word' id='word_1_136' title='bbox 1266 1789 1317 1865; x_wconf 89' lang='lat' dir='ltr'><strong>ob</strong></span> 
     </span>
     <span class='ocr_line' id='line_1_18' title="bbox 218 1888 1317 1991; baseline 0 -28"><span class='ocrx_word' id='word_1_137' title='bbox 218 1890 406 1965; x_wconf 85' lang='lat' dir='ltr'><strong>defectum</strong></span> <span class='ocrx_word' id='word_1_138' title='bbox 443 1893 621 1965; x_wconf 83' lang='lat' dir='ltr'><strong>examinis</strong></span> <span class='ocrx_word' id='word_1_139' title='bbox 646 1891 856 1967; x_wconf 85' lang='lat' dir='ltr'><strong>dimitteret</strong></span> <span class='ocrx_word' id='word_1_140' title='bbox 877 1895 1040 1990; x_wconf 75' lang='lat' dir='ltr'><strong>siquem</strong></span> <span class='ocrx_word' id='word_1_141' title='bbox 1066 1891 1223 1981; x_wconf 83' lang='lat' dir='ltr'><strong>rudem,</strong></span> <span class='ocrx_word' id='word_1_142' title='bbox 1250 1888 1317 1991; x_wconf 84' lang='lat' dir='ltr'><strong>qui</strong></span> 
     </span>
     <span class='ocr_line' id='line_1_19' title="bbox 218 1990 1318 2089; baseline 0.001 -29"><span class='ocrx_word' id='word_1_143' title='bbox 218 1993 324 2061; x_wconf 73' lang='lat' dir='ltr'><strong>antei</strong></span> <span class='ocrx_word' id='word_1_144' title='bbox 343 2004 498 2089; x_wconf 91' lang='lat' dir='ltr'><strong>propter</strong></span> <span class='ocrx_word' id='word_1_145' title='bbox 512 1990 685 2063; x_wconf 86' lang='lat' dir='ltr'><strong>ruborem</strong></span> <span class='ocrx_word' id='word_1_146' title='bbox 705 1990 859 2089; x_wconf 83' lang='lat' dir='ltr'><strong>aliquod</strong></span> <span class='ocrx_word' id='word_1_147' title='bbox 885 2006 1078 2089; x_wconf 87' lang='lat' dir='ltr'><strong>peccatum</strong></span> <span class='ocrx_word' id='word_1_148' title='bbox 1101 1990 1318 2076; x_wconf 85' lang='lat' dir='ltr'><strong>reticuerit,</strong></span> 
     </span>
     <span class='ocr_line' id='line_1_20' title="bbox 220 2087 1319 2190; baseline 0.004 -32"><span class='ocrx_word' id='word_1_149' title='bbox 220 2089 388 2186; x_wconf 74' lang='lat' dir='ltr'><strong>quamvis</strong></span> <span class='ocrx_word' id='word_1_150' title='bbox 425 2087 635 2190; x_wconf 76' lang='lat' dir='ltr'><strong>repetendas</strong></span> <span class='ocrx_word' id='word_1_151' title='bbox 662 2104 788 2162; x_wconf 84' lang='lat' dir='ltr'><strong>essent</strong></span> <span class='ocrx_word' id='word_1_152' title='bbox 817 2089 1075 2174; x_wconf 71' lang='lat' dir='ltr'><strong>Gunirssiones</strong></span> <span class='ocrx_word' id='word_1_153' title='bbox 1110 2088 1319 2162; x_wconf 89' lang='lat' dir='ltr'><strong>multorum</strong></span> 
     </span>
     <span class='ocr_line' id='line_1_21' title="bbox 219 2181 1317 2288; baseline 0.005 -32"><span class='ocrx_word' id='word_1_154' title='bbox 219 2211 431 2275; x_wconf 84' lang='lat' dir='ltr'><strong>annorum,</strong></span> <span class='ocrx_word' id='word_1_155' title='bbox 463 2181 633 2288; x_wconf 79' lang='lat' dir='ltr'><strong>propter.</strong></span> <span class='ocrx_word' id='word_1_156' title='bbox 649 2211 770 2288; x_wconf 71' lang='lat' dir='ltr'><strong>malus</strong></span> <span class='ocrx_word' id='word_1_157' title='bbox 807 2186 1053 2287; x_wconf 86' lang='lat' dir='ltr'><strong>perieulum,</strong></span> <span class='ocrx_word' id='word_1_158' title='bbox 1091 2186 1195 2287; x_wconf 87' lang='lat' dir='ltr'><strong>qnod</strong></span> <span class='ocrx_word' id='word_1_159' title='bbox 1226 2201 1317 2261; x_wconf 87' lang='lat' dir='ltr'><strong>tunc</strong></span> 
     </span>
     <span class='ocr_line' id='line_1_22' title="bbox 219 2282 1319 2384; baseline 0.002 -26"><span class='ocrx_word' id='word_1_160' title='bbox 219 2282 372 2372; x_wconf 81' lang='lat' dir='ltr'><strong>subest,</strong></span> <span class='ocrx_word' id='word_1_161' title='bbox 392 2286 526 2384; x_wconf 70' lang='lat' dir='ltr'><strong>nempe</strong></span> <span class='ocrx_word' id='word_1_162' title='bbox 541 2284 687 2384; x_wconf 81' lang='lat' dir='ltr'><strong>quodsi</strong></span> <span class='ocrx_word' id='word_1_163' title='bbox 706 2312 783 2361; x_wconf 92' lang='lat' dir='ltr'><strong>non</strong></span> <span class='ocrx_word' id='word_1_164' title='bbox 800 2287 952 2373; x_wconf 82' lang='lat' dir='ltr'><strong>redeat,</strong></span> <span class='ocrx_word' id='word_1_165' title='bbox 973 2287 1160 2384; x_wconf 83' lang='lat' dir='ltr'><strong>periturus</strong></span> <span class='ocrx_word' id='word_1_166' title='bbox 1179 2286 1227 2360; x_wconf 88' lang='lat' dir='ltr'><strong>sit</strong></span> <span class='ocrx_word' id='word_1_167' title='bbox 1239 2284 1319 2380; x_wconf 82' lang='lat' dir='ltr'><strong>(Ibi</strong></span> 
     </span>
     <span class='ocr_line' id='line_1_23' title="bbox 219 2379 1319 2476; baseline 0.004 -21"><span class='ocrx_word' id='word_1_168' title='bbox 219 2379 269 2455; x_wconf 90' lang='lat' dir='ltr'><strong>ad</strong></span> <span class='ocrx_word' id='word_1_169' title='bbox 283 2410 326 2456; x_wconf 84' lang='lat' dir='ltr'><strong>n.</strong></span> <span class='ocrx_word' id='word_1_170' title='bbox 336 2384 429 2476; x_wconf 75' lang='lat' dir='ltr'><strong>lit).</strong></span> <span class='ocrx_word' id='word_1_171' title='bbox 445 2384 620 2458; x_wconf 79' lang='lat' dir='ltr'><strong>Aduertot</strong></span> <span class='ocrx_word' id='word_1_172' title='bbox 633 2382 879 2460; x_wconf 70' lang='lat' dir='ltr'><strong>nihilominus</strong></span> <span class='ocrx_word' id='word_1_173' title='bbox 896 2384 1167 2474; x_wconf 79' lang='lat' dir='ltr'><strong>Confessarins,</strong></span> <span class='ocrx_word' id='word_1_174' title='bbox 1185 2409 1225 2459; x_wconf 84' lang='lat' dir='ltr'><strong>se</strong></span> <span class='ocrx_word' id='word_1_175' title='bbox 1241 2410 1319 2459; x_wconf 87' lang='lat' dir='ltr'><strong>non</strong></span> 
     </span>
     <span class='ocr_line' id='line_1_24' title="bbox 123 2480 1319 2583; baseline 0.006 -35"><span class='ocrx_word' id='word_1_176' title='bbox 123 2543 126 2548; x_wconf 76' lang='grc'>,</span> <span class='ocrx_word' id='word_1_177' title='bbox 218 2482 341 2555; x_wconf 80' lang='lat' dir='ltr'><strong>teneri</strong></span> <span class='ocrx_word' id='word_1_178' title='bbox 355 2480 589 2558; x_wconf 66' lang='lat' dir='ltr'><strong>ttmminuti</strong></span> <span class='ocrx_word' id='word_1_179' title='bbox 600 2482 667 2558; x_wconf 84' lang='lat' dir='ltr'><strong>hos</strong></span> <span class='ocrx_word' id='word_1_180' title='bbox 683 2483 910 2581; x_wconf 79' lang='lat' dir='ltr'><strong>interrogare</strong></span> <span class='ocrx_word' id='word_1_181' title='bbox 927 2509 937 2568; x_wconf 71' lang='grc' dir='ltr'>ς</span> <span class='ocrx_word' id='word_1_182' title='bbox 954 2484 1154 2583; x_wconf 78' lang='lat' dir='ltr'><strong>interroget</strong></span> <span class='ocrx_word' id='word_1_183' title='bbox 1170 2483 1319 2572; x_wconf 75' lang='lat' dir='ltr'><strong>tontum</strong></span> 
     </span>
     <span class='ocr_line' id='line_1_25' title="bbox 220 2579 1319 2684; baseline 0.005 -31"><span class='ocrx_word' id='word_1_184' title='bbox 220 2579 269 2653; x_wconf 82' lang='lat' dir='ltr'><strong>de</strong></span> <span class='ocrx_word' id='word_1_185' title='bbox 289 2581 447 2677; x_wconf 86' lang='lat' dir='ltr'><strong>pcccatis</strong></span> <span class='ocrx_word' id='word_1_186' title='bbox 462 2637 473 2667; x_wconf 77' lang='grc'><em>,</em></span> <span class='ocrx_word' id='word_1_187' title='bbox 490 2582 530 2655; x_wconf 88' lang='lat' dir='ltr'><strong>in</strong></span> <span class='ocrx_word' id='word_1_188' title='bbox 547 2606 634 2684; x_wconf 73' lang='lat' dir='ltr'><strong>quie</strong></span> <span class='ocrx_word' id='word_1_189' title='bbox 657 2581 814 2658; x_wconf 75' lang='lat' dir='ltr'><strong>liciliter</strong></span> <span class='ocrx_word' id='word_1_190' title='bbox 834 2581 1001 2658; x_wconf 87' lang='lat' dir='ltr'><strong>incidere</strong></span> <span class='ocrx_word' id='word_1_191' title='bbox 1019 2596 1193 2681; x_wconf 85' lang='lat' dir='ltr'><strong>possunt,</strong></span> <span class='ocrx_word' id='word_1_192' title='bbox 1210 2607 1319 2681; x_wconf 81' lang='lat' dir='ltr'><strong>speo-</strong></span> 
     </span>
     <span class='ocr_line' id='line_1_26' title="bbox 219 2678 1321 2782; baseline 0.004 -30"><span class='ocrx_word' id='word_1_193' title='bbox 219 2681 295 2753; x_wconf 73' lang='lat' dir='ltr'><strong>tart</strong></span> <span class='ocrx_word' id='word_1_194' title='bbox 309 2706 437 2753; x_wconf 83' lang='lat' dir='ltr'><strong>eorum</strong></span> <span class='ocrx_word' id='word_1_195' title='bbox 453 2678 693 2765; x_wconf 77' lang='lat' dir='ltr'><strong>conditione,</strong></span> <span class='ocrx_word' id='word_1_196' title='bbox 712 2696 750 2755; x_wconf 89' lang='lat' dir='ltr'><strong>et</strong></span> <span class='ocrx_word' id='word_1_197' title='bbox 764 2682 963 2781; x_wconf 73' lang='lat' dir='ltr'><strong>capacitate</strong></span> <span class='ocrx_word' id='word_1_198' title='bbox 979 2705 991 2772; x_wconf 82' lang='lat'><em>3</em></span> <span class='ocrx_word' id='word_1_199' title='bbox 1005 2679 1082 2754; x_wconf 73' lang='lat' dir='ltr'><strong>imo</strong></span> <span class='ocrx_word' id='word_1_200' title='bbox 1099 2681 1186 2756; x_wconf 80' lang='lat' dir='ltr'><strong>ciam</strong></span> <span class='ocrx_word' id='word_1_201' title='bbox 1201 2683 1321 2782; x_wconf 87' lang='lat' dir='ltr'><strong>poeni-</strong></span> 
     </span>
     <span class='ocr_line' id='line_1_27' title="bbox 218 2777 1317 2873; baseline 0.005 -23"><span class='ocrx_word' id='word_1_202' title='bbox 218 2789 319 2864; x_wconf 80' lang='lat' dir='ltr'><strong>tens,</strong></span> <span class='ocrx_word' id='word_1_203' title='bbox 341 2777 430 2853; x_wconf 80' lang='lat' dir='ltr'><strong>licet</strong></span> <span class='ocrx_word' id='word_1_204' title='bbox 444 2779 564 2868; x_wconf 48' lang='lat' dir='ltr'><strong>rudior</strong></span> <span class='ocrx_word' id='word_1_205' title='bbox 583 2778 986 2854; x_wconf 78' lang='lat' dir='ltr'><strong>videatursufficienter</strong></span> <span class='ocrx_word' id='word_1_206' title='bbox 997 2804 1077 2852; x_wconf 89' lang='lat' dir='ltr'><strong>esse</strong></span> <span class='ocrx_word' id='word_1_207' title='bbox 1092 2779 1317 2873; x_wconf 85' lang='lat' dir='ltr'><strong>instructus,</strong></span> 
     </span>
     <span class='ocr_line' id='line_1_28' title="bbox 216 2875 1322 2978; baseline 0.002 -27"><span class='ocrx_word' id='word_1_208' title='bbox 216 2891 258 2951; x_wconf 83' lang='lat' dir='ltr'><strong>ot</strong></span> <span class='ocrx_word' id='word_1_209' title='bbox 286 2875 444 2976; x_wconf 75' lang='lat' dir='ltr'><strong>diligens</strong></span> <span class='ocrx_word' id='word_1_210' title='bbox 466 2877 505 2949; x_wconf 88' lang='lat' dir='ltr'><strong>in</strong></span> <span class='ocrx_word' id='word_1_211' title='bbox 526 2877 747 2963; x_wconf 69' lang='lat' dir='ltr'><strong>conitendo</strong></span> <span class='ocrx_word' id='word_1_212' title='bbox 774 2893 925 2978; x_wconf 84' lang='lat' dir='ltr'><strong>peecata</strong></span> <span class='ocrx_word' id='word_1_213' title='bbox 947 2903 1035 2951; x_wconf 90' lang='lat' dir='ltr'><strong>cum</strong></span> <span class='ocrx_word' id='word_1_214' title='bbox 1058 2881 1135 2953; x_wconf 88' lang='lat' dir='ltr'><strong>suis</strong></span> <span class='ocrx_word' id='word_1_215' title='bbox 1157 2881 1322 2954; x_wconf 85' lang='lat' dir='ltr'><strong>circum-</strong></span> 
     </span>
     <span class='ocr_line' id='line_1_29' title="bbox 219 2977 1322 3075; baseline 0.009 -30"><span class='ocrx_word' id='word_1_216' title='bbox 219 2977 363 3055; x_wconf 77' lang='lat' dir='ltr'><strong>stantiis</strong></span> <span class='ocrx_word' id='word_1_217' title='bbox 377 3027 387 3066; x_wconf 81' lang='grc'><em>,</em></span> <span class='ocrx_word' id='word_1_218' title='bbox 403 2978 504 3073; x_wconf 73' lang='lat' dir='ltr'><strong>juxti</strong></span> <span class='ocrx_word' id='word_1_219' title='bbox 513 2987 652 3050; x_wconf 82' lang='lat' dir='ltr'><strong>statum</strong></span> <span class='ocrx_word' id='word_1_220' title='bbox 667 3002 778 3053; x_wconf 77' lang='lat' dir='ltr'><strong>nuum</strong></span> <span class='ocrx_word' id='word_1_221' title='bbox 797 2990 836 3050; x_wconf 92' lang='lat' dir='ltr'><strong>et</strong></span> <span class='ocrx_word' id='word_1_222' title='bbox 844 2977 1085 3075; x_wconf 81' lang='lat' dir='ltr'><strong>capacitatem</strong></span> <span class='ocrx_word' id='word_1_223' title='bbox 1099 2977 1199 3075; x_wconf 75' lang='lat' dir='ltr'><strong>(olio</strong></span> <span class='ocrx_word' id='word_1_224' title='bbox 1219 2979 1322 3055; x_wconf 89' lang='lat' dir='ltr'><strong>enim</strong></span> 
     </span>
     <span class='ocr_line' id='line_1_30' title="bbox 213 3073 1317 3169; baseline 0.004 -21"><span class='ocrx_word' id='word_1_225' title='bbox 213 3073 333 3148; x_wconf 77' lang='lat' dir='ltr'><strong>ruodo</strong></span> <span class='ocrx_word' id='word_1_226' title='bbox 357 3089 501 3148; x_wconf 85' lang='lat' dir='ltr'><strong>tenetur</strong></span> <span class='ocrx_word' id='word_1_227' title='bbox 517 3099 559 3149; x_wconf 80' lang='lat' dir='ltr'><strong>ae</strong></span> <span class='ocrx_word' id='word_1_228' title='bbox 578 3073 945 3150; x_wconf 76' lang='lat' dir='ltr'><strong>examinare-doetus</strong></span> <span class='ocrx_word' id='word_1_229' title='bbox 964 3130 975 3164; x_wconf 88' lang='lat'><strong>,</strong></span> <span class='ocrx_word' id='word_1_230' title='bbox 995 3090 1034 3149; x_wconf 85' lang='lat' dir='ltr'><strong>et</strong></span> <span class='ocrx_word' id='word_1_231' title='bbox 1057 3076 1131 3151; x_wconf 83' lang='lat' dir='ltr'><strong>alio</strong></span> <span class='ocrx_word' id='word_1_232' title='bbox 1153 3076 1258 3152; x_wconf 79' lang='lat' dir='ltr'><strong>rudia</strong></span> <span class='ocrx_word' id='word_1_233' title='bbox 1273 3087 1317 3169; x_wconf 62' lang='lat'><strong>)&lt;.</strong></span> 
     </span>
    </p>
   </div>
   <div class='ocr_carea' id='block_1_2' title="bbox 221 3171 1447 3274">
    <p class='ocr_par' dir='ltr' id='par_1_3' title="bbox 221 3171 1447 3274">
     <span class='ocr_line' id='line_1_31' title="bbox 221 3171 1447 3274; baseline 0.007 -29"><span class='ocrx_word' id='word_1_234' title='bbox 221 3185 317 3247; x_wconf 84' lang='lat' dir='ltr'><strong>tuuc</strong></span> <span class='ocrx_word' id='word_1_235' title='bbox 334 3171 588 3254; x_wconf 72' lang='lat' dir='ltr'><strong>confessarius</strong></span> <span class='ocrx_word' id='word_1_236' title='bbox 601 3171 695 3246; x_wconf 88' lang='lat' dir='ltr'><strong>nihil</strong></span> <span class='ocrx_word' id='word_1_237' title='bbox 714 3173 820 3248; x_wconf 85' lang='lat' dir='ltr'><strong>uliud</strong></span> <span class='ocrx_word' id='word_1_238' title='bbox 833 3189 981 3249; x_wconf 88' lang='lat' dir='ltr'><strong>tenetur</strong></span> <span class='ocrx_word' id='word_1_239' title='bbox 998 3182 1223 3274; x_wconf 76' lang='lat' dir='ltr'><strong>interrogare</strong></span> <span class='ocrx_word' id='word_1_240' title='bbox 1239 3174 1320 3270; x_wconf 87' lang='lat' dir='ltr'><strong>(lbi</strong></span> <span class='ocrx_word' id='word_1_241' title='bbox 1442 3252 1447 3260; x_wconf 77' lang='grc'>,</span> 
     </span>
    </p>
   </div>
   <div class='ocr_carea' id='block_1_3' title="bbox 214 3269 1424 3936">
    <p class='ocr_par' dir='ltr' id='par_1_4' title="bbox 214 3269 1424 3936">
     <span class='ocr_line' id='line_1_32' title="bbox 214 3269 1352 3368; baseline 0 -20"><span class='ocrx_word' id='word_1_242' title='bbox 214 3270 270 3348; x_wconf 78' lang='lat' dir='ltr'><strong>‚ud</strong></span> <span class='ocrx_word' id='word_1_243' title='bbox 289 3297 327 3344; x_wconf 88' lang='grc' dir='ltr'><strong>ιι.</strong></span> <span class='ocrx_word' id='word_1_244' title='bbox 339 3270 386 3344; x_wconf 91' lang='grc' dir='ltr'><strong>ΙΙ.</strong></span> <span class='ocrx_word' id='word_1_245' title='bbox 403 3275 431 3362; x_wconf 84' lang='grc'><strong>).</strong></span> <span class='ocrx_word' id='word_1_246' title='bbox 457 3271 506 3346; x_wconf 92' lang='grc' dir='ltr'><strong>ΙΙ.</strong></span> <span class='ocrx_word' id='word_1_247' title='bbox 521 3270 746 3350; x_wconf 80' lang='lat' dir='ltr'><strong>‚Notandum</strong></span> <span class='ocrx_word' id='word_1_248' title='bbox 764 3329 774 3359; x_wconf 85' lang='lat'>‚</span> <span class='ocrx_word' id='word_1_249' title='bbox 789 3273 924 3349; x_wconf 82' lang='lat' dir='ltr'><strong>meliirs</strong></span> <span class='ocrx_word' id='word_1_250' title='bbox 945 3299 1024 3349; x_wconf 83' lang='lat' dir='ltr'><strong>esse</strong></span> <span class='ocrx_word' id='word_1_251' title='bbox 1040 3276 1095 3360; x_wconf 78' lang='lat' dir='ltr'><strong>„si</strong></span> <span class='ocrx_word' id='word_1_252' title='bbox 1120 3274 1322 3368; x_wconf 76' lang='lat' dir='ltr'><strong>confessa-</strong></span> <span class='ocrx_word' id='word_1_253' title='bbox 1345 3269 1352 3278; x_wconf 65' lang='grc'><em>”</em></span> 
     </span>
     <span class='ocr_line' id='line_1_33' title="bbox 219 3367 1320 3474; baseline 0.004 -31"><span class='ocrx_word' id='word_1_254' title='bbox 219 3368 300 3444; x_wconf 83' lang='lat' dir='ltr'><strong>rius</strong></span> <span class='ocrx_word' id='word_1_255' title='bbox 314 3367 501 3467; x_wconf 70' lang='lat' dir='ltr'><strong>sigillatim</strong></span> <span class='ocrx_word' id='word_1_256' title='bbox 512 3373 697 3445; x_wconf 78' lang='lat' dir='ltr'><strong>examinet</strong></span> <span class='ocrx_word' id='word_1_257' title='bbox 715 3386 867 3471; x_wconf 79' lang='lat' dir='ltr'><strong>peccata</strong></span> <span class='ocrx_word' id='word_1_258' title='bbox 883 3374 1007 3447; x_wconf 80' lang='lat' dir='ltr'><strong>statim</strong></span> <span class='ocrx_word' id='word_1_259' title='bbox 1035 3399 1076 3448; x_wconf 84' lang='lat' dir='ltr'><strong>ac</strong></span> <span class='ocrx_word' id='word_1_260' title='bbox 1096 3390 1137 3446; x_wconf 86' lang='lat' dir='ltr'><strong>ea</strong></span> <span class='ocrx_word' id='word_1_261' title='bbox 1166 3373 1320 3474; x_wconf 80' lang='lat' dir='ltr'><strong>exponit</strong></span> 
     </span>
     <span class='ocr_line' id='line_1_34' title="bbox 220 3467 1368 3571; baseline 0.004 -30"><span class='ocrx_word' id='word_1_262' title='bbox 220 3467 430 3564; x_wconf 79' lang='lat' dir='ltr'><strong>poenitens.</strong></span> <span class='ocrx_word' id='word_1_263' title='bbox 449 3472 562 3567; x_wconf 70' lang='lat' dir='ltr'><strong>quim</strong></span> <span class='ocrx_word' id='word_1_264' title='bbox 581 3483 620 3543; x_wconf 91' lang='lat' dir='ltr'><strong>ut</strong></span> <span class='ocrx_word' id='word_1_265' title='bbox 638 3468 787 3565; x_wconf 82' lang='lat' dir='ltr'><strong>differat</strong></span> <span class='ocrx_word' id='word_1_266' title='bbox 803 3496 957 3545; x_wconf 83' lang='lat' dir='ltr'><strong>examen</strong></span> <span class='ocrx_word' id='word_1_267' title='bbox 975 3497 1094 3571; x_wconf 89' lang='lat' dir='ltr'><strong>usqne</strong></span> <span class='ocrx_word' id='word_1_268' title='bbox 1109 3471 1317 3561; x_wconf 69' lang='lat' dir='ltr'><strong>adfinem</strong></span> <span class='ocrx_word' id='word_1_269' title='bbox 1367 3529 1368 3532; x_wconf 63' lang='lat'>,</span> 
     </span>
     <span class='ocr_line' id='line_1_35' title="bbox 221 3565 1318 3666; baseline 0.008 -29"><span class='ocrx_word' id='word_1_270' title='bbox 221 3568 308 3666; x_wconf 78' lang='lat' dir='ltr'><strong>quia</strong></span> <span class='ocrx_word' id='word_1_271' title='bbox 333 3582 397 3652; x_wconf 83' lang='lat' dir='ltr'><strong>aut</strong></span> <span class='ocrx_word' id='word_1_272' title='bbox 428 3565 585 3640; x_wconf 81' lang='lat' dir='ltr'><strong>faciliter</strong></span> <span class='ocrx_word' id='word_1_273' title='bbox 620 3566 875 3645; x_wconf 82' lang='lat' dir='ltr'><strong>Confessarius</strong></span> <span class='ocrx_word' id='word_1_274' title='bbox 902 3570 1132 3645; x_wconf 86' lang='lat' dir='ltr'><strong>obliviscitur</strong></span> <span class='ocrx_word' id='word_1_275' title='bbox 1158 3596 1318 3659; x_wconf 85' lang='lat' dir='ltr'><strong>eorum,</strong></span> 
     </span>
     <span class='ocr_line' id='line_1_36' title="bbox 221 3657 1317 3769; baseline 0.006 -32"><span class='ocrx_word' id='word_1_276' title='bbox 221 3688 308 3764; x_wconf 80' lang='lat' dir='ltr'><strong>quar</strong></span> <span class='ocrx_word' id='word_1_277' title='bbox 328 3657 486 3755; x_wconf 74' lang='lat' dir='ltr'><strong>audivit,</strong></span> <span class='ocrx_word' id='word_1_278' title='bbox 506 3680 570 3740; x_wconf 87' lang='lat' dir='ltr'><strong>aut</strong></span> <span class='ocrx_word' id='word_1_279' title='bbox 593 3664 819 3764; x_wconf 74' lang='lat' dir='ltr'><strong>obligandus</strong></span> <span class='ocrx_word' id='word_1_280' title='bbox 833 3672 927 3743; x_wconf 80' lang='lat' dir='ltr'><strong>esset</strong></span> <span class='ocrx_word' id='word_1_281' title='bbox 943 3669 1131 3769; x_wconf 84' lang='lat' dir='ltr'><strong>poenitens</strong></span> <span class='ocrx_word' id='word_1_282' title='bbox 1145 3695 1317 3745; x_wconf 16' lang='lat' dir='ltr'><strong>cumiano</strong></span> 
     </span>
     <span class='ocr_line' id='line_1_37' title="bbox 219 3763 1424 3936; baseline 0.006 -103"><span class='ocrx_word' id='word_1_283' title='bbox 219 3763 319 3936; x_wconf 50' lang='lat' dir='ltr'><strong>{rari</strong></span> <span class='ocrx_word' id='word_1_284' title='bbox 343 3788 455 3837; x_wconf 83' lang='lat' dir='ltr'><strong>onere</strong></span> <span class='ocrx_word' id='word_1_285' title='bbox 474 3764 522 3837; x_wconf 86' lang='lat' dir='ltr'><strong>ad</strong></span> <span class='ocrx_word' id='word_1_286' title='bbox 544 3764 744 3865; x_wconf 84' lang='lat' dir='ltr'><strong>repetenda</strong></span> <span class='ocrx_word' id='word_1_287' title='bbox 760 3766 925 3842; x_wconf 80' lang='lat' dir='ltr'><strong>consessa</strong></span> <span class='ocrx_word' id='word_1_288' title='bbox 945 3766 1052 3863; x_wconf 91' lang='lat' dir='ltr'><strong>(lbid</strong></span> <span class='ocrx_word' id='word_1_289' title='bbox 1070 3795 1110 3843; x_wconf 90' lang='grc' dir='ltr'><strong>ιι.</strong></span> <span class='ocrx_word' id='word_1_290' title='bbox 1129 3769 1233 3866; x_wconf 87' lang='lat' dir='ltr'>IV.)</span> <span class='ocrx_word' id='word_1_291' title='bbox 1251 3768 1319 3844; x_wconf 86' lang='lat'><em>111.</em></span> <span class='ocrx_word' id='word_1_292' title='bbox 1418 3833 1424 3840; x_wconf 88' lang='lat'><em>.</em></span> 
     </span>
    </p>
   </div>
   <div class='ocr_carea' id='block_1_4' title="bbox 257 3861 1455 3968">
    <p class='ocr_par' dir='ltr' id='par_1_5' title="bbox 257 3861 1455 3968">
     <span class='ocr_line' id='line_1_38' title="bbox 257 3861 1455 3968; baseline 0.008 -35"><span class='ocrx_word' id='word_1_293' title='bbox 257 3887 355 3936; x_wconf 78' lang='lat' dir='ltr'><strong>reare</strong></span> <span class='ocrx_word' id='word_1_294' title='bbox 373 3880 435 3937; x_wconf 87' lang='lat' dir='ltr'><strong>eos</strong></span> <span class='ocrx_word' id='word_1_295' title='bbox 454 3861 722 3954; x_wconf 64' lang='lat' dir='ltr'><strong>Constantios,</strong></span> <span class='ocrx_word' id='word_1_296' title='bbox 743 3868 809 3966; x_wconf 90' lang='lat' dir='ltr'><strong>qui</strong></span> <span class='ocrx_word' id='word_1_297' title='bbox 828 3865 956 3941; x_wconf 76' lang='lat' dir='ltr'><strong>volunt</strong></span> <span class='ocrx_word' id='word_1_298' title='bbox 973 3882 1118 3943; x_wconf 86' lang='lat' dir='ltr'><strong>certum</strong></span> <span class='ocrx_word' id='word_1_299' title='bbox 1131 3867 1320 3968; x_wconf 21' lang='lat' dir='ltr'><strong>*judicium</strong></span> <span class='ocrx_word' id='word_1_300' title='bbox 1452 3950 1455 3956; x_wconf 49' lang='grc'><strong>,</strong></span> 
     </span>
    </p>
   </div>
   <div class='ocr_carea' id='block_1_5' title="bbox 221 3955 1320 4171">
    <p class='ocr_par' dir='ltr' id='par_1_6' title="bbox 221 3955 1320 4171">
     <span class='ocr_line' id='line_1_39' title="bbox 222 3955 1318 4068; baseline 0.005 -34"><span class='ocrx_word' id='word_1_301' title='bbox 222 3955 344 4034; x_wconf 77' lang='lat' dir='ltr'><strong>facere</strong></span> <span class='ocrx_word' id='word_1_302' title='bbox 366 3957 422 4051; x_wconf 86' lang='lat' dir='ltr'><strong>de¹</strong></span> <span class='ocrx_word' id='word_1_303' title='bbox 439 3963 578 4057; x_wconf 88' lang='lat' dir='ltr'><strong>peccati</strong></span> <span class='ocrx_word' id='word_1_304' title='bbox 632 3963 803 4054; x_wconf 79' lang='lat' dir='ltr'><strong>nolitote,</strong></span> <span class='ocrx_word' id='word_1_305' title='bbox 831 3992 877 4040; x_wconf 85' lang='lat' dir='ltr'><strong>an</strong></span> <span class='ocrx_word' id='word_1_306' title='bbox 908 3959 956 4040; x_wconf 87' lang='lat' dir='ltr'><strong>sit</strong></span> <span class='ocrx_word' id='word_1_307' title='bbox 980 3992 1109 4068; x_wconf 80' lang='lat' dir='ltr'><strong>grave,</strong></span> <span class='ocrx_word' id='word_1_308' title='bbox 1138 3966 1318 4057; x_wconf 84' lang='lat' dir='ltr'><strong>velleve,</strong></span> 
     </span>
     <span class='ocr_line' id='line_1_40' title="bbox 221 3986 1320 4171; baseline 0.004 -34"><span class='ocrx_word' id='word_1_309' title='bbox 221 4058 455 4162; x_wconf 56' lang='grc' dir='ltr'><strong>αςιιίιιιιιᾶο</strong></span> <span class='ocrx_word' id='word_1_310' title='bbox 471 4065 500 4158; x_wconf 61' lang='grc' dir='ltr'><strong>,ἡ</strong></span> <span class='ocrx_word' id='word_1_311' title='bbox 521 3986 680 4142; x_wconf 75' lang='lat' dir='ltr'><strong>rudiirtt</strong></span> <span class='ocrx_word' id='word_1_312' title='bbox 707 4064 808 4170; x_wconf 67' lang='lat' dir='ltr'><strong>istit²</strong></span> <span class='ocrx_word' id='word_1_313' title='bbox 835 4065 867 4143; x_wconf 81' lang='lat' dir='ltr'><strong>si</strong></span> <span class='ocrx_word' id='word_1_314' title='bbox 893 4091 963 4171; x_wconf 89' lang='lat' dir='ltr'><strong>pro</strong></span> <span class='ocrx_word' id='word_1_315' title='bbox 990 4065 1139 4149; x_wconf 76' lang='lat' dir='ltr'><strong>mortali</strong></span> <span class='ocrx_word' id='word_1_316' title='bbox 1158 4065 1320 4142; x_wconf 79' lang='lat' dir='ltr'><strong>habeant</strong></span> 
     </span>
    </p>
   </div>
   <div class='ocr_carea' id='block_1_6' title="bbox 0 0 1483 4717">
    <p class='ocr_par' dir='ltr' id='par_1_7' title="bbox 0 0 1483 4717">
     <span class='ocr_line' id='line_1_41' title="bbox 0 0 1483 4717; baseline 0 0"><span class='ocrx_word' id='word_1_317' title='bbox 0 0 1483 4717; x_wconf 95' lang='lat' dir='ltr'><strong> </strong></span> 
     </span>
    </p>
   </div>
  </div>
 </body>
</html>
