2942 4717
364 280 446 374 Cap.
461 280 519 347 111.
536 269 586 348 Dc
600 282 775 349 'ordinibus
790 283 824 348 in
840 284 959 374 specie.
1007 260 1010 266 ¹
1135 284 1200 374 249

124 389 412 491 Prophetiarurn,
431 408 468 467 et
483 396 749 486 Epistolarum.
774 393 949 465 Proorina
968 392 1068 470 illius
1081 395 1200 469 tradi·

126 490 181 560 tio.
204 492 334 563 Forma
360 506 444 563 sunt
473 491 582 565 rerba
603 521 613 562 t
632 491 762 585 Accipe
782 507 818 562 et
839 506 913 563 esto
941 492 1033 563 verbi
1055 494 1126 564 Dei
1140 518 1201 564 re·

124 586 204 658 lotor
225 606 289 663 etc.
320 589 491 663 Olliciurn
524 590 634 691 igitirr
667 591 814 663 lectoris
845 604 898 662 est
929 589 1051 688 legere
1080 617 1201 664 sacras

125 684 316 785 Scripturas
331 687 509 784 (intellige
528 693 627 763 extra
642 690 786 764 Missam
804 714 920 777 ‚inam
940 691 978 761 in
995 689 1101 763 Missa
1120 689 1203 763 offi-

126 783 1204 890 ciumestSubdiaconi),acctiamCatlrecunscnosinstruere

126 878 246 956 Siloco
265 884 350 957 libri
371 886 620 983 Epistularum
645 885 717 960 siris
741 884 953 959 lectionarii
973 887 1204 961 traderentur

127 978 254 1070 Biatia,
277 999 339 1055 aut
353 983 604 1074 Breviarium‚
625 984 745 1057 valida
769 980 947 1084 quidem,
974 1001 1011 1058 et
1028 988 1136 1059 etism
1154 985 1204 1059 li·

128 1080 189 1151 cita
199 1097 294 1155 esset
308 1082 500 1156 Ordinatio
518 1109 528 1170 ;
547 1080 651 1156 sccirs
670 1087 698 1156 si
719 1082 812 1155 alius
829 1081 936 1155 liber.

396 1229 514 1305 sectio
533 1232 595 1308 Ill.
615 1232 671 1302 De
685 1230 923 1304 Exorct'stotu

26 1395 27 1398 ’
107 1419 125 1474 1
165 1374 414 1450 Erorcistatus
434 1377 488 1450 est
502 1380 609 1467 ordo,
628 1403 695 1477 quo
712 1380 818 1451 detur
826 1392 988 1472 potestas
1006 1378 1210 1477 expellendi
1215 1387 1249 1441 3⁵

120 1470 293 1547 demones
307 1475 354 1547 ub
369 1475 542 1562 obsessis,
561 1504 606 1547 ne
625 1501 687 1549 eos
700 1475 926 1569 impediente)
942 1477 1205 1549 Communium.

123 1571 265 1643 Materia
298 1574 446 1645 Remota
478 1590 533 1647 est
561 1574 656 1648 liber
687 1574 1001 1661 ‚exorcismorum
1031 1575 1208 1647 Proxima

26 1693 27 1720 2
121 1671 193 1765 ejus
209 1669 373 1764 traditio.
395 1673 529 1745 Forma
550 1702 559 1745 ε
577 1673 709 1770 Accipe
725 1729 735 1762 ‚
753 1689 788 1744 et
802 1671 895 1744 liobe
910 1688 1118 1765 potestatem
1141 1674 1209 1746 im·
1273 1767 1275 1770 v

26 1773 28 1840 f
118 1766 274 1862 ponendi
289 1796 417 1841 munus
430 1773 535 1869 super
549 1796 798 1869 energumenos
809 1788 872 1841 etc.
890 1770 1123 1844 Exorcismus
1139 1797 1211 1844 au·

121 1877 188 1935 tent
213 1880 271 1938 est
301 1867 457 1941 formula
491 1868 659 1969 quaedam
690 1867 735 1941 ab
766 1867 933 1942 Ecclesia
964 1869 1128 1942 instituta
1160 1868 1209 1943 ad

121 1960 302 2037 demones
317 1967 495 2064 fugandos
511 1971 550 2042 in
567 1970 715 2041 nomine
733 1968 819 2040 Jesu
845 1967 995 2041 Christi.
1018 1970 1069 2043 Ut
1095 1968 1210 2066 possit

120 2076 234 2135 autern
268 2065 456 2144 Exorcista'
493 2066 705 2152 solemniter
740 2066 970 2150 exorcizare,
1007 2067 1210 2166 requiritur

121 2160 223 2232 etiam
241 2162 390 2236 collatio
407 2164 693 2260 ¹jurisdictionis,
713 2163 787 2237 sive
800 2163 1145 2265 licentiaEpiscopi.
1164 2163 1210 2238 Id

122 2270 242 2331 tamen
270 2286 346 2333 nou
368 2276 421 2334 est
436 2261 485 2334 ob
510 2269 567 2368 jus
591 2288 810 2346 commune,
833 2263 900 2336 sed
922 2262 969 2335 ob
987 2262 1209 2362 particulare
1273 2346 1279 2358 x

25 2445 26 2458 ἵ
120 2363 345 2456 pracceptum
381 2361 652 2457 Episcoporum
676 2361 966 2458 vprohibentium
1003 2359 1209 2435 exorcizare

25 2479 26 2510 ³
120 2453 194 2527 sine
210 2483 280 2529 sua
296 2456 457 2530 licentia.
480 2458 627 2533 Dictum
646 2475 702 2531 est
716 2459 932 2545 solemniter,
950 2484 1036 2530 cum
1054 2460 1211 2558 quisque

120 2551 235 2628 tidelis
260 2569 380 2654 potest
406 2558 777 2657 privatimimperarc
803 2555 1055 2641 demonibus,
1075 2584 1121 2632 ne
1138 2577 1213 2629 noa

24 2663 26 2702 ³
121 2669 221 2727 ceant
244 2680 362 2743 ,anese
387 2654 591 2755 impediant
621 2655 747 2730 fideles
776 2656 822 2729 ab
845 2655 1056 2729 'actionibus
1083 2657 1210 2730 sacris.

24 2731 26 2866 ζ
120 2749 228 2847 (vra.
254 2751 279 2824 r.
299 2753 320 2825 s
342 2781 381 2829 n.
401 2754 483 2851 193.
496 2757 593 2854 App.
614 2754 660 2828 oe
674 2753 968 2854 astutior.)

24 2923 26 2934 ’
416 2901 535 2975 sectio
548 2901 613 2979 IV.
627 2899 917 3001 DeAcolytlzotu.

166 3043 412 3146 Acolythatus
440 3066 499 3121 est
526 3051 639 3137 ordo,
665 3075 733 3149 quo
761 3051 864 3121 datur
883 3064 1044 3147 potestas
1073 3042 1216 3138 ferendi
1221 3094 1260 3148 50

124 3139 289 3216 Urceolos
313 3145 363 3217 ud
378 3147 490 3218 ultore
505 3201 514 3233 ,
532 3165 568 3219 et
590 3147 812 3220 Candelabra
826 3149 844 3231 ,’
857 3148 1058 3244 omnaque
1079 3147 1115 3217 in
1134 3147 1211 3244 ipso

120 3242 345 3317 accendendi.
361 3247 509 3319 Materia
523 3248 671 3319 Remota
685 3262 773 3319 sunt
782 3246 932 3320 Urceoli
950 3247 1055 3319 vacui
1066 3272 1076 3314 z
1087 3244 1215 3316 Proxi-

121 3362 178 3409 mo
204 3365 334 3416 eorum
359 3343 519 3420 traditio.
551 3346 684 3419 Forma
706 3345 839 3438 Accipe
868 3343 1122 3437 Cenfferorinm
1147 3359 1212 3414 etc.¹
1252 3440 1254 3444 y

122 3449 233 3536 atque
250 3492 260 3527 ‚
276 3441 406 3538 Accipe
430 3442 598 3539 Urceolos
615 3498 624 3530 ,
642 3459 708 3517 etc.
727 3445 817 3517 Utra
848 3467 892 3515 ue
910 3443 1060 3515 materia
1079 3456 1134 3514 est
1152 3468 1214 3513 cs-

122 3535 310 3623 sentialis,
332 3540 398 3612 sed
423 3539 582 3614 nobilior
604 3555 691 3615 sunt
713 3469 892 3627 Urcedli,
918 3542 1005 3639 quia
1033 3542 1161 3612 vinum
1177 3551 1217 3612 et

123 3635 218 3732 aqua
236 3637 348 3732 magia
361 3653 447 3712 sunt
462 3639 510 3712 ad
526 3640 672 3715 Missam
685 3642 898 3714 necessaria.
917 3639 984 3713 Hoe
998 3653 1121 3712 autern
1136 3663 1215 3710 ma·

124 3735 228 3808 tariae
261 3751 349 3809 sunt
381 3739 552 3835 partiales
594 3765 707 3811 unam
747 3738 897 3813 totalem
935 3737 1214 3811 constituentes.

121 3829 320 3907 character
338 3835 422 3910 rard
440 3863 514 3909 oon
529 3839 568 3911 in
583 3836 815 3924 candelabri,
837 3837 903 3912 sed
923 3837 963 3910 in
979 3833 1215 3909 urceolorum

121 3929 318 4005 traditione
331 3933 574 4032 imprimitur,
592 3938 677 4036 quia
690 3938 730 4012 in
742 3961 786 4015 ea
797 3933 1039 4040 principalior
1055 3932 1219 4011 traditur
1305 3965 1307 3969 ’

119 4048 281 4138 potestus
300 4032 407 4137 (Lib.
421 4033 446 4110 6
460 4060 497 4109 n.
516 4035 626 4138 745.)
