2942 4717
234 267 303 350 534
426 304 429 309 ·
493 285 540 320 -·
617 264 1026 356 PraxisConl'essarii'¹'
1135 279 1176 314 r-

193 377 197 382 ’
236 380 415 479 pratensis
439 388 616 463 enarrat,
642 378 742 476 quod
768 375 918 478 quidam
941 399 1079 476 eques,
1102 373 1168 450 ubi
1191 372 1326 472 multas

236 504 318 576 nou
332 477 555 580 profuissent
571 474 782 568 medicinae,
798 474 1035 550 confessionis
1049 477 1181 551 virtute
1196 474 1329 549 surim
1451 513 1452 554 t

236 578 474 657 convaluerit.

287 676 372 760 232.
398 677 435 747 si
453 690 573 748 tamen
589 647 747 771 egrotus
766 671 981 746 dilationem
1000 672 1149 787 qrraerit,
1166 685 1205 746 et
1221 668 1323 770 peri-
1451 655 1452 668 ¹

145 759 147 768 ’
236 773 365 854 culum
381 774 523 855 mortis,
542 771 714 870 lethargi,
731 770 787 843 vel
802 770 1134 846 delirii'immmcns
1150 786 1226 844 nou
1243 782 1327 852 esta

233 874 373 970 poterit
392 876 425 946 ei
446 870 650 969 indulgere.
672 873 786 944 Curet
803 887 945 958 tamen,
958 886 1003 943 ut
1018 869 1084 943 ille
1102 867 1342 944 determinet·

235 985 405 1068 tempus,
427 986 514 1067 puta
533 993 785 1067 vesperarum,
801 969 858 1042 vel
872 967 970 1042 diem
986 969 1211 1050 crastinum,
1227 979 1326 1039 cou-
1349 1035 1350 1038 ,

215 1081 217 1087 ’
234 1068 385 1142 sessioni
399 1067 601 1165 explendae.
615 1068 652 1140 si
664 1080 786 1140 tumea
804 1066 1009 1166 periculum
1028 1067 1297 1140 imminebsest
1309 1113 1326 1148 ,

234 1168 360 1265 ipsum
384 1191 470 1239 cum
497 1164 540 1237 D.
569 1166 776 1263 Augustino
804 1178 971 1252 moneat,
995 1165 1096 1264 quod
1118 1165 1218 1240 Deus
1241 1184 1327 1235 non

232 1265 446 1364 promiserit
463 1319 472 1348 ,
489 1289 527 1336 sc
548 1277 756 1362 peccatores
770 1265 1066 1363 expectaturum,
1084 1261 1149 1339 aed
1172 1258 1326 1336 tantiam

119 1441 123 1447 ,
232 1365 467 1462 parciturum
486 1364 556 1446 eis.
574 1363 603 1436 si
629 1364 804 1461 poeniteat
823 1386 909 1434 eos:
930 1360 1126 1434 Crastinum
1147 1385 1219 1433 oon
1233 1383 1332 1454 pro-

233 1457 518 1558 mrbit,fortasse
533 1458 815 1553 dubr't,fortussr
828 1484 900 1533 aon
912 1457 1014 1531 dabri.
1028 1458 1180 1557 Quodsi
1192 1454 1322 1531 adbirc
1367 1465 1371 1474 '
1394 1467 1396 1480 “

234 1557 410 1631 infirmus
427 1584 495 1630 nec
515 1558 622 1632 artam
648 1583 713 1655 per
734 1556 812 1632 baec
832 1557 969 1632 munita
987 1559 1034 1631 ad
1054 1557 1328 1632 confessionem
1372 1627 1379 1644 ,

237 1655 375 1729 adduci
392 1659 529 1754 possit,
547 1654 725 1732 Sacerdos
743 1660 947 1757 numquam
967 1653 1056 1730 eum
1070 1655 1236 1740 deserat,
1252 1651 1326 1727 sed
1345 1717 1348 1723 .

235 1753 463 1853 quandoque
489 1754 659 1839 terroris,
683 1753 907 1854 quandoque
932 1751 1077 1830 fiduciae
1097 1752 1326 1852 argumentis

180 1859 191 1882 ’
234 1868 342 1926 curet
358 1857 478 1952 ipsum
491 1855 760 2021 expergiscere;
778 1868 814 1925 et
832 1850 1038 1967 provideat,
1054 1866 1096 1926 ut
1110 1859 1187 1930 tim
1202 1851 1326 1951 prita-

233 1964 303 2038 tae,
324 1959 436 2050 quim
455 1952 531 2047 pub

232 2048 583 2139 &mmmmm
1316 2092 1321 2102 ·

278 2147 370 2223 ³33.
386 2145 452 2220 IV.
467 2147 503 2240 Si
518 2146 670 2219 morbus·
685 2144 920 2235 increbuerit,
934 2144 1124 2221 infirmum
1137 2144 1323 2235 hortetur,

233 2259 280 2338 ut
303 2245 349 2317 de
373 2246 447 2317 suis
471 2244 681 2319 domesticis
699 2244 810 2322 rebus
833 2244 1044 2344 opportuni
1067 2244 1261 2361 disponam
1276 2242 1325 2316 id

235 2346 336 2416 enim
354 2341 499 2442 expedit
520 2368 586 2443 pro
605 2342 751 2421 familiae
774 2356 884 2441 pace,
907 2357 944 2417 et
961 2342 1004 2417 et
1026 2367 1325 2441 magrs‚s10pas

234 2442 285 2517 sit
298 2494 324 2534 ,¹
337 2466 404 2541 pro
420 2465 494 2515 suae
509 2440 745 2514 conscientiae
757 2441 952 2515 levamine·
963 2442 1007 2515 Io
1026 2441 1097 2515 boc
1113 2457 1237 2515 tamea
1251 2441 1324 2513 Sa·

233 2539 366 2624 cardos
384 2537 515 2614 sedolb
532 2555 679 2625 caveat,
696 2565 743 2612 ne
758 2541 834 2639 ipse
850 2564 888 2611 ru
905 2539 1176 2639 aliquamlucri
1192 2551 1323 2613 notam

233 2639 388 2711 incidat.
398 2637 435 2710 si
445 2653 567 2724 autem
582 2651 739 2735 aegrotus
750 2637 875 2712 fratres
888 2636 1098 2713 velsorores
1111 2636 1321 2735 indigentes

233 2734 779 2833 babeatmoueatipsumquo‘d
789 2735 961 2832 subgravi
970 2734 1191 2833 obligatione
1201 2745 1323 2810 tebee-
1347 2748 1358 2774 '·

235 2833 381 2907 turillis
393 2832 491 2906 baua
503 2832 802 2931 suarcliuquere,
814 2833 941 2908 saltem
978 2833 1325 2926 uudadeorumue,

234 2932 444 3006 cessitatem
469 2929 733 3028 sublevandam
763 2930 906 3005 sufficit.
938 2859 1026 3006 darc
1053 2946 1175 3005 tamen
1201 2933 1322 3032 gravis

234 3028 414 3127 obligatio
430 3043 504 3103 non
518 3027 660 3103 ridetur
677 3054 803 3127 urgere
817 3056 883 3128 pro
898 3029 1153 3105 remotioribus
1168 3030 1319 3131 propiu-

235 3129 329 3228 quis.
350 3123 531 3211 Observa,
549 3125 651 3228 quod
668 3126 810 3201 dictum
826 3143 881 3202 est
896 3130 933 3201 iu
948 3129 1069 3227 Opere
1088 3128 1116 3202 l.
1135 3127 1158 3202 3
1175 3155 1212 3201 n.
1229 3130 1316 3230 946.
1339 3178 1341 3182 -

232 3227 273 3301 si
294 3224 380 3312 verb
401 3238 557 3321 aegrotus
582 3224 659 3299 vult
682 3251 749 3325 pro
773 3253 838 3299 sua
861 3227 983 3301 anima
1004 3226 1147 3326 aliquid
1166 3227 1318 3318 testari,

233 3326 358 3424 ipsum
381 3338 554 3411 moneat,
577 3349 624 3396 nc
651 3349 744 3397 onus
767 3324 862 3397 illud
890 3323 1100 3399 haeredibus
1122 3326 1317 3424 imponat3

264 3426 322 3495 aia
339 3422 560 3515 experientia
574 3421 708 3511 docet,
725 3421 851 3520 legatis
871 3424 945 3520 piis.
960 3422 1064 3520 pffoeoe
1082 3422 1196 3498 nullis
1214 3425 1318 3498 satis·

234 3449 405 3612 lleri3sed
414 3517 536 3620 potibs
549 3520 733 3605 hortetur,
748 3536 788 3593 ut
801 3520 951 3620 aliquod
966 3546 1098 3622 corpus
1111 3520 1317 3623 relinquat,

234 3636 299 3693 aut
323 3620 488 3718 pecuniae
509 3644 710 3702 summam,
728 3620 777 3691 ad
793 3620 995 3709 Sacrificia,
1012 3635 1075 3694 aut
1090 3621 1200 3693 aliam
1215 3622 1316 3720 piam

234 3719 385 3814 operam
402 3716 690 3818 persolvendam.
709 3717 839 3791 Caveat
859 3717 1061 3804 Sacerdos,
1081 3742 1129 3791 ne
1148 3719 1317 3794 consulat

233 3815 390 3890 infirmis
416 3813 599 3914 quidquid
621 3811 701 3890 aliis
729 3815 944 3915 prejudicio
964 3841 1042 3889 esse
1068 3830 1210 3915 potest,
1227 3843 1317 3892 cum

234 3909 372 3986 Christi
388 3913 571 3988 Ministros
585 3938 661 3989 aon
675 3912 803 3989 deccat
814 3913 971 3992 aliorum
985 3914 1113 3996 odium
1134 3914 1205 3988 sibi
1218 3931 1317 3990 com·

235 4032 391 4088 movete.
1117 4047 1119 4050 ·

549 1955 614 2024 icae
637 1975 704 2050 pro
725 1944 839 2049 buius
857 1951 980 2026 mueri
997 1949 1114 2026 salute
1129 1973 1255 2050 preces
1268 1945 1325 2022 ad

285 4108 368 4203 2‘34·
393 4106 444 4189 Vr
461 4110 559 4206 Cum
581 4066 763 4207 ruditu,
783 4108 876 4196 dum
895 4124 999 4197 actus
1020 4063 1315 4220 obustiauue'ais
1344 4163 1346 4168 .
