2942 4717
262 261 328 329 226
356 327 359 336 ,
581 337 582 340 ¹
635 259 746 332 Praxis
761 259 966 331 cantuarii.

266 371 506 464 collectione,
523 372 597 448 siva
620 377 694 447 otio
715 372 1022 472 contemplativo,
1043 371 1174 447 dicunt
1191 373 1334 474 quidem
1428 393 1432 468 ζ

266 470 431 570 Mystici,
458 473 646 572 quod‘etsi
666 472 748 547 ltaec
771 476 885 545 oratio
913 472 960 546 sit
978 471 1175 555 naturalis,
1203 472 1336 544 nihilo-

266 569 670 644 miuitsanimaeessare
688 570 819 646 debeat
831 577 906 643 nen
918 568 1038 642 solitm
1054 574 1072 642 a
1087 567 1335 657 meditatione,

268 667 332 740 sed
350 671 459 741 etiarn
478 669 526 739 ab'
537 670 676 742 actibus
689 669 904 753 voluntatis,
920 668 1062 743 scilieet
1074 667 1225 753 amoris,
1239 668 1339 740 obla·

267 767 399 853 tionis,
427 768 678 864 resignationis
696 782 767 842 ete.
783 781 819 840 et
839 766 980 840 tantiam
994 791 1141 842 manere
1158 765 1284 838 debeat
1303 769 1339 839 in

269 864 427 965 quadarn
451 868 583 939 amoris
609 866 818 962 vigilantia,
845 879 881 939 et
900 868 1097 938 attentione
1129 863 1178 937 ad
1207 864 1341 949 Deum,

267 963 407 1062 absque
422 989 487 1047 eo,
508 964 609 1064 quod
625 980 746 1038 actum
763 963 929 1064 aliquem
949 964 1066 1036 saciat.
1081 964 1341 1036 Verumtamen

268 1060 481 1162 hujusmodi
503 1062 816 1136 incantationibus
847 1087 913 1157 ego
937 1062 1086 1161 prorsus
1118 1062 1343 1160 acquiescere
1435 1071 1437 1160 j

268 1187 345 1240 non
362 1160 474 1233 valeo.
489 1161 593 1238 Nulli
611 1160 767 1233 dubium
782 1218 793 1247 ,
807 1162 897 1260 quin
913 1159 1064 1260 quandb
1078 1159 1201 1233 anima
1215 1158 1342 1232 collee·
1436 1175 1437 1180 ’

257 1274 346 1338 ,tam
370 1284 407 1332 se
425 1263 553 1349 sentit,
575 1285 651 1340 uon
674 1258 805 1333 debeat
828 1285 865 1332 se
894 1257 1079 1358 applicare
1096 1258 1346 1342 meditationi,

268 1359 445 1457 quiajam
464 1360 603 1432 invenit
620 1356 699 1434 sine
718 1359 797 1432 ullo
811 1356 935 1432 labore
955 1356 1140 1458 quidquid
1159 1357 1237 1456 ipsa
1264 1380 1345 1453 pos·
1437 1375 1438 1396 ³

268 1454 433 1547 tulabat;
461 1456 812 1556 praeterquamquod
834 1456 912 1555 ipsa
935 1455 1121 1538 ordinaria
1135 1453 1347 1539 meditatio,

258 1569 311 1627 ,ut
326 1559 374 1625 ait
398 1557 439 1629 P.
459 1555 606 1652 Segneri
622 1556 661 1626 in
678 1582 747 1627 suo
765 1580 875 1638 aureo
893 1554 1071 1653 opusculo
1093 1552 1140 1626 de
1160 1550 1346 1625 cuncordia
1433 1611 1437 1652 ὲ

139 1667 141 1678 ’
236 1661 240 1668 ’
265 1655 356 1727 inter
367 1652 519 1725 laborem
533 1711 549 1738 ,,
563 1669 598 1723 et
611 1653 888 1751 quietemfffart.
908 1679 921 1726 r
943 1678 976 1727 e.
1001 1678 1014 1726 r
1039 1679 1077 1725 n.
1094 1653 1152 1746 t),
1170 1649 1348 1753 pqoduoat

268 1766 353 1850 post
374 1748 524 1851 aliquod
548 1765 694 1849 tempus
717 1753 1086 1850 contemplationem,
1115 1776 1200 1849 quae
1211 1748 1346 1822 dicitur
1438 1765 1439 1804 ὲ

267 1849 460 1946 acquisita,
479 1850 613 1949 nempe
631 1849 750 1938 illam,
768 1873 853 1948 quae
876 1850 987 1922 unico
1005 1848 1141 1921 intuitu
1164 1846 1349 1948 cognoscit

266 1947 433 2021 veritates
448 2005 458 2038 ,
476 1973 566 2047 quas
582 1945 664 2020 ante
682 1949 829 2022 nonnisi
844 1949 954 2045 lungo
969 1945 1158 2031 discursu,
1175 1959 1213 2020 et
1225 1944 1346 2018 labore
1439 1967 1440 1998 t

268 2061 498 2144 cognoverat.
515 2045 585 2118 Sed
603 2044 660 2117 lais
674 2071 750 2117 non
766 2045 1017 2133 obstantibus,
1034 2045 1180 2133 nescio,
1195 2042 1349 2118 eurani-

265 2168 329 2218 1na
342 2169 482 2216 cessare
494 2142 626 2218 debeat
638 2149 657 2216 a
670 2144 777 2216 bonis
791 2143 1138 2218 actibusvoluntatis
1155 2172 1164 2214 ε
1181 2158 1219 2217 et
1235 2141 1348 2241 quod·

264 2268 357 2320 uam
384 2257 529 2340 tempus
556 2245 799 2341 opportunius
823 2242 880 2315 his
908 2239 1081 2315 faciendis
1106 2240 1252 2315 actibus
1277 2263 1349 2313 esse

268 2341 404 2436 poterit
420 2398 428 2426 ,
447 2366 558 2439 quam
577 2341 745 2438 tempus,
768 2367 842 2439 quo
862 2341 983 2413 anima
999 2367 1037 2413 se
1052 2340 1250 2414 collectam
1266 2363 1350 2426 senff·

267 2439 340 2512 tit?
359 2438 498 2511 Verum
519 2435 769 2538 quidemest,
789 2439 891 2539 quod
912 2440 947 2512 S.
963 2437 1182 2513 Franciscus
1195 2437 1350 2512 Saleslus
1440 2503 1441 2508 ,

269 2537 466 2612 consilium
488 2535 629 2609 dederit
650 2537 690 2608 Β.
716 2539 869 2612 loannes
899 2537 945 2610 de
972 2537 1149 2625 Chantal,
1171 2552 1214 2614 ut
1234 2536 1274 2611 in
1289 2559 1351 2610 sua
1440 2535 1441 2538 ’

266 2638 452 2719 oratioue,
472 2662 557 2708 cum
574 2660 612 2708 se
626 2638 703 2714 Deo
723 2641 865 2712 unitam
888 2636 1058 2720 sentiret,
1077 2661 1154 2708 non
1175 2644 1353 2734 repeteret

269 2761 381 2807 novos
402 2749 526 2818 actus,
548 2734 614 2807 sed
630 2734 771 2832 quare?
791 2735 876 2832 quia
890 2731 1027 2806 seilicet
1044 2734 1152 2806 Beata
1171 2738 1259 2828 jam'
1270 2756 1351 2830 per·

270 2850 418 2905 venerat
432 2833 479 2903 ad
502 2831 851 2929 contemplationem
867 2835 1056 2930 passivam.
1070 2831 1185 2906 Unde
1200 2825 1352 2930 quaudb

273 2930 393 3002 anima
419 2929 614 3001 adhbcest
636 2933 674 3001 in
700 2944 793 3001 statu
814 2933 951 3017 activo,
974 2953 1049 3004 non
1072 2942 1126 3002 est
1146 2932 1268 3011 ratio,
1288 2952 1353 3002 cur

269 3026 659 3125 actusboniimpedire
672 3025 830 3100 debeant
843 3025 1352 3127 gratiaeoperationem.ldem

269 3126 306 3198 S.
327 3127 544 3200 Franciscus
561 3126 717 3199 Salesius
744 3125 955 3225 praefigebat
968 3125 1159 3200 animabus
1174 3125 1314 3200 devotis
1334 3127 1353 3195 a

269 3250 308 3298 se
328 3222 475 3299 directis
494 3224 774 3302 determinatum
802 3222 999 3322 quemdam
1025 3248 1228 3300 numerum
1256 3226 1354 3322 aspi-

270 3323 456 3400 rationum
476 3327 629 3407 amuris,
655 3321 982 3396 sariendumiutra
1009 3339 1149 3398 eertum
1177 3324 1354 3421 temporis

270 3422 440 3520 spatium.
459 3420 617 3514 Quandb
634 3424 755 3494 anima
774 3424 936 3519 pervenit
951 3420 998 3493 ad
1012 3437 1148 3496 statum
1168 3424 1355 3520 passivum

271 3518 605 3619 contemplationis,
624 3536 710 3594 tunc
728 3520 869 3606 anima,
884 3518 951 3593 etsi
965 3546 1040 3593 non
1054 3535 1258 3594 mereatur.
1272 3521 1356 3617 quia

267 3643 314 3704 eo
331 3635 495 3719 tempore
512 3646 588 3690 non
601 3632 795 3717 operatur,
812 3615 877 3691 sed
895 3617 1036 3691 tantiam
1048 3619 1199 3715 patimr,
1222 3616 1358 3690 nihilo·

270 3716 395 3791 minias
420 3715 576 3814 acquirit
597 3742 770 3815 magnum
801 3716 998 3830 quemdam
1016 3716 1178 3815 vigorem
1200 3715 1249 3787 ad
1263 3738 1356 3813 ope·

271 3816 429 3889 randum
481 3820 578 3889 ostcl
602 3840 687 3890 cum
705 3818 836 3913 majori
863 3813 1104 3914 perfectione:
1119 3815 1186 3888 sed
1203 3809 1357 3913 qnandb

271 3915 391 3986 anima
411 3843 532 3986 adbitc
551 3930 605 3986 est
619 3918 657 3985 iu
675 3927 770 3985 statu
787 3914 923 4006 activo,
939 3927 979 3986 ut
994 3927 1196 3994 mereatur,
1210 3909 1359 4009 operari

274 4009 407 4097 debet,
428 4028 531 4086 actus
554 4012 670 4085 bonos
689 4011 879 4094 faciendot
896 4027 1004 4108 atque
1021 4011 1097 4085 haee
1113 4024 1202 4084 su'nt
1220 4037 1360 4111 opera,

271 4107 410 4210 quibus
433 4101 560 4188 'anima
585 4124 748 4196 tueretur
768 4111 921 4210 gratiam
945 4106 1362 4198 divinamUuder'eetb
