2942 4717
369 229 890 337 §murmurationum
1132 241 1182 351 eg,

127 355 531 461 eleemosynas'erogeut‚
551 375 613 438 aut
629 365 758 437 Missas
777 361 954 437 celebrari
969 362 1116 441 l'aeiaut.
1133 371 1181 446 lu

40 547 41 550 Ἴ
126 486 249 536 euerso
274 486 340 557 ego
364 460 460 535 hane
477 459 627 534 delendi
652 461 872 535 sententiam
888 462 994 560 (Lib.
1017 491 1030 538 ι
1058 492 1097 539 n.
1114 467 1180 568 37,

124 559 151 631 r.
166 558 248 652 Quid
263 563 340 651 si),
359 560 599 659 poenitentsm
620 557 754 633 iterium
776 563 892 633 teneri
909 559 961 633 ad
982 566 1183 641 restituen-

120 657 217 756 dum,
233 659 316 757 quia
339 656 400 730 fur
420 658 459 729 iu
477 656 651 732 omnibus
674 656 820 732 casibus
837 714 847 748 ,
864 658 974 731 etium
991 660 1151 738 fortuitis
1166 692 1183 753 ,¹

127 754 214 828 debet
230 756 384 829 reddere
400 755 594 829 domiuum
612 755 845 842 indemnem,
861 782 931 830 nee
950 781 992 831 ac
1022 761 1184 837 uiesoere

132 856 209 949 potui
221 855 386 955 opinioni
399 854 570 929 adversae.
584 854 666 928 Dixi
683 854 873 930 dumtaxat
885 785 1028 954 (Liui
1046 884 1084 933 n.
1097 862 1183 956 534.

133 953 185 1042 Qu.
201 952 268 1046 ll.)
292 950 417 1051 quod,
434 953 466 1025 si
493 951 588 1026 furtu
616 966 737 1027 esseut
761 957 933 1044 minuta,
960 954 1047 1030 lieet
1070 959 1185 1035 simul

132 1052 204 1121 uuita
216 1050 263 1125 ed
281 1073 453 1147 maguam
467 1075 648 1124 summam
662 1051 901 1141 advenerint,
921 1068 958 1126 et
970 1054 1188 1148 etilmsido·

127 1148 197 1219 nini
211 1163 331 1221 essent
345 1150 457 1235 certi,
474 1148 540 1224 red
558 1149 713 1236 diversi,
732 1165 821 1223 tuuc
834 1175 1046 1227 excusarem
1063 1157 1082 1226 ὲ
1102 1182 1188 1255 peo-

124 1247 579 1348 cstograrieurn‚quirellet
592 1252 781 1322 restituere
789 1248 1189 1419 pauperibus‚propter

123 1345 281 1419 rationem
298 1344 350 1418 ibi
366 1346 512 1419 allatam
527 1369 538 1436 ;
552 1359 592 1438 et
606 1345 715 1419 etilm
730 1349 751 1419 lt
768 1347 870 1420 venia
888 1349 919 1439 i,
938 1351 968 1422 si
988 1350 1189 1426 rationabi-

119 1439 157 1513 lis
173 1466 273 1517 eausa
291 1443 460 1533 adesset,
485 1443 595 1543 proiit
618 1447 650 1518 si
677 1445 857 1520 restitutio
884 1448 962 1519 fieri
976 1473 1050 1520 non
1066 1465 1190 1564 posset

117 1538 266 1616 dominis
287 1546 367 1615 sine
386 1542 539 1622 notabili
559 1542 816 1630 incommodo,
838 1559 902 1617 aut
916 1546 946 1616 si
961 1544 1076 1647 aliqui
1090 1576 1191 1651 pau-

118 1641 260 1738 peresio
284 1667 327 1716 eu
342 1656 463 1716 essent
480 1641 717 1727 necessitate,
734 1656 776 1715 ut
792 1660 1099 1742 presumas-entur
1118 1646 1191 1721 do·
1277 1723 1279 1730 ,

117 1739 197 1811 mini
214 1741 452 1830 consentire,
477 1754 518 1812 ut
538 1738 614 1813 illia
640 1741 743 1813 fieret
761 1741 940 1813 restitutio
964 1742 1025 1838 (n.
1041 1742 1133 1843 595,
1149 1747 1190 1822 ἰιι

114 1836 207 1934 tin.)
226 1838 262 1912 Si
283 1839 368 1937 quis
393 1836 559 1911 fraudem
584 1838 712 1913 moltis
736 1835 898 1929 civibus,
928 1838 995 1913 sed
1017 1841 1192 1931 incertis,

115 1934 231 2009 feeerit
253 1961 322 2037 per
346 1935 443 2011 furta
472 1938 638 2025 minuta,
660 1962 718 2011 ea.
749 1961 801 2035 gr.
823 1934 1192 2038 vendendorum,

115 2032 231 2109 oleum
244 2050 315 2108 eto.
333 2037 505 2109 mensuri
518 2034 679 2111 detractu
690 2089 699 2121 .
712 2049 776 2110 eut
789 2034 952 2134 pondere
967 2037 1192 2132 imminuto,
1217 2048 1221 2057 '

40 2221 41 2224 Ἴ
116 2155 173 2230 ego
188 2131 358 2222 delendi,
374 2137 490 2209 teneri
516 2132 563 2207 sd
590 2134 855 2208 restituendum
871 2134 1035 2235 ipsismet
1047 2136 1192 2215 civibus

40 2243 42 2312 ἶ
115 2229 130 2328 (
138 2249 196 2305 aut
216 2234 377 2331 pretium
405 2231 626 2317 minuendo,
643 2248 707 2306 aut
728 2233 877 2333 pondus
895 2232 951 2307 vel
979 2258 1194 2316 mensuram

40 2331 42 2376 ῑ
115 2330 274 2429 augendo
286 2332 319 2427 )‚
346 2345 384 2404 et
410 2355 486 2404 nou
504 2335 578 2431 jam
596 2329 821 2431 pauperibus
843 2327 942 2422 loci,
961 2327 1003 2404 lut
1021 2332 1082 2406 alii
1103 2361 1193 2434 per·

40 2449 42 2504 l
109 2430 283 2520 ·mittuut;
301 2429 410 2516 licet,
430 2432 504 2528 jum
519 2433 631 2527 supet
651 2428 750 2514 disi,
768 2428 871 2527 quod
886 2482 896 2513 .
919 2430 950 2501 si
968 2432 1192 2531 pauperibus

40 2509 42 2554 l
115 2524 227 2612 daret.
245 2553 322 2601 uon
340 2542 507 2626 peccaret
519 2532 693 2625 grauiter,
705 2540 743 2600 et
758 2551 805 2599 ne
817 2524 1007 2601 venialiter
1020 2530 1195 2627 quidem,

40 2639 41 2704 3
115 2626 141 2701 si
160 2632 250 2721 iusta
266 2629 378 2700 cauri
393 2626 582 2701 accederet
596 2624 715 2716 (Dior.
737 2648 773 2696 u.
794 2624 887 2723 593)
900 2627 934 2720 4.
953 2624 1195 2719 Notandum,

40 2803 41 2806 ,
115 2726 230 2825 quod,
247 2728 277 2799 si
296 2725 378 2825 quis
398 2749 474 2800 rem
497 2724 759 2798 alienaturum
806 2723 896 2810 erit,
925 2737 989 2796 aut
1017 2725 1195 2807 retineret

40 2843 41 2886 ὲ
116 2851 195 2900 oum
218 2825 533 2923 presumptione.
553 2823 655 2924 quod
670 2823 736 2896 sia
783 2821 907 2895 omino
928 2845 1009 2894 esur
1025 2837 1192 2922 peteret,

40 3043 42 3112 ξ
114 3023 156 3097 sd
169 3022 432 3100 restitutionem
440 3022 498 3121 (Li

40 3135 42 3192 l

40 3395 42 3400 s
115 3322 175 3411 (u.
191 3344 282 3417 7⁰⁰·
300 3345 336 3392 r.
350 3321 475 3414 Quser.
493 3315 561 3408 Π).
581 3314 618 3389 6.
634 3312 928 3405 ildimundum,
944 3337 1018 3413 quo

112 2923 237 2998 libenti
255 2924 378 2997 animo
395 2923 499 2996 eumi
528 2923 557 2995 si
570 2923 744 3007 donaret,
758 2923 789 2994 ia
805 2945 882 2995 uon
895 2917 1027 2993 debeat
1036 2920 1113 2995 obli
1139 2928 1194 3004 ari

501 2949 539 3094 i.
555 3020 577 3093 3
590 3048 628 3094 ιι.
642 3045 713 3118 7⁰⁰
723 3074 733 3110 ,
745 3042 777 3091 ι.
788 3020 910 3113 Quoi.
923 3017 986 3092 lule
998 3015 1057 3100 tt.
1071 2951 1148 3096 &ll

139 3148 181 3195 ue
207 3121 319 3195 debet
342 3121 494 3215 obligari
522 3116 569 3192 ad
596 3117 891 3207 restitutionem,
913 3117 979 3217 qui
997 3119 1195 3200 immemor

114 3147 239 3306 lebni,
259 3245 325 3295 suo
344 3218 514 3292 creditori
530 3217 672 3294 donum
690 3213 791 3290 mere
810 3218 1007 3315 gratuitum
1021 3218 1195 3384 prebuit

1061 3331 1103 3389 ut

114 3418 230 3492 nitens
243 3430 411 3492 teneatur
425 3416 471 3488 ad
488 3413 753 3488 restitutionem
763 3411 834 3484 sub
848 3411 958 3512 eulpa
973 3416 1090 3509 gravi,
1104 3343 1194 3495 elisur:

117 3542 175 3590 res
187 3516 307 3589 ablata
331 3519 400 3616 jain
419 3526 643 3610 consumpte
669 3526 746 3600 est,
769 3523 806 3584 et
831 3509 896 3584 ille
915 3510 1028 3584 ditior
1045 3529 1120 3585 non
1138 3529 1195 3593 est

116 3613 229 3688 lactus
245 3670 255 3699 ‚
273 3640 366 3714 opus
390 3613 434 3686 sit
450 3608 596 3710 primo,
625 3625 665 3684 ut
678 3608 923 3684 intercesserit
940 3608 1001 3682 cul
1031 3635 1051 3682 a
1073 3614 1193 3710 gravis

115 3712 255 3787 interna
266 3728 391 3786 contra
402 3710 576 3810 justitiam
586 3635 1191 3809 commuurirsm(1.ib.lu.55o).

115 3811 289 3887 Praeterei
312 3810 511 3910 requiritur
536 3834 581 3882 ex
605 3834 670 3882 sua
695 3823 816 3908 parte,
844 3819 885 3879 ut
905 3805 1000 3878 aetio
1018 3820 1193 3905 externa,

116 3908 186 3984 sire
203 3909 363 3985 influxus
383 3907 434 3981 'uit
450 3906 575 3980 damni
599 3932 707 3981 causa
727 3904 883 4000 efficax(
893 3929 932 3979 ιι.
951 3901 1066 3997 584).
1081 3919 1118 3977 et
1132 3909 1194 3982 in-

117 4034 243 4108 super,
263 4024 303 4081 ut
322 4005 383 4081 hic
401 4004 561 4081 influxus
574 4007 620 4080 sit
634 4004 861 4101 completus,
878 3999 952 4075 sire
966 4003 1122 4101 grauiter
1135 4009 1194 4081 in.

117 4109 233 4208 justus
247 4105 350 4285 quib.
378 4104 548 4285 3Vp11551
562 4110 598 4210 >5
613 4118 651 4183 et
668 4119 709 4182 ut
724 4103 902 4180 habeatur
920 4098 1071 4296 morazia
1084 4110 1195 4186 certi«

295 4230 370 4279 om.
487 4258 498 4284 .
