2942 4717
122 1219 127 1233 δ
174 1275 176 1282 0
287 1245 426 1319 ticular

276 242 335 327 ,96
627 267 631 272 ·
670 241 783 316 nasu
796 243 1004 326 Gsnfmarti.
1098 266 1105 274 ’

292 354 544 446 conscientiae,
561 354 592 452 si
615 383 689 434 non
711 374 767 433 est
787 359 893 460 plus,
911 364 1022 458 quarn
1043 369 1142 432 carta
1163 353 1211 431 de
1227 378 1369 458 peccata

288 457 459 542 mortali,
472 455 604 530 debeat
619 458 802 554 judicare,
817 458 962 540 seillud
974 483 1050 530 non
1062 457 1282 534 commisisse
1298 491 1307 532 z
1321 467 1369 537 si.

288 554 465 654 quidem,
479 572 520 629 ut
532 556 631 631 aitP.
645 556 813 647 Anares,
828 570 1193 656 tantummonstrum
1206 548 1369 655 possibile

287 680 369 729 non
383 656 490 728 estin
503 656 663 732 animam
675 656 818 728 aditum
833 653 969 730 habere
982 710 991 741 ,
1006 680 1090 753 qnae
1102 654 1148 727 ab
1163 654 1230 728 illo
1241 655 1369 751 horret,

293 754 385 852 quin
431 768 573 827 atenter
584 751 680 832 illud
692 753 826 831 videat.
841 754 955 830 Unde
974 751 1139 853 prodest,
1155 756 1370 852 scrupulosis

285 780 481 927 interdinn
494 857 704 952 imponere,
721 877 770 926 ne
787 854 934 953 penitus
948 851 1143 926 dotalibus
1157 855 1371 949 cogitationi·

290 948 363 1024 bns
380 976 418 1024 se
435 966 627 1039 accusent,
640 953 712 1024 nisi
729 953 821 1030 certi
835 952 909 1027 sint
920 1005 930 1039 ,
943 967 981 1025 et
992 977 1077 1024 cnm
1093 956 1298 1048 juramento
1312 967 1373 1034 tes-

231 1105 252 1130 ,
292 1051 363 1123 tari
384 1051 544 1150 possint,
560 1051 598 1124 se
622 1075 843 1136 consensum
861 1052 1061 1153 praestbsse.
1090 1051 1140 1126 Et
1158 1047 1221 1121 hic
1245 1065 1371 1125 notans

291 1147 408 1235 dum,
453 1148 530 1222 uod
547 1149 759 1251 scrupulosi
775 1174 852 1224 non
877 1151 952 1223 sint
968 1146 1119 1248 regendi
1135 1144 1270 1246 regulis
1293 1174 1373 1247 par-

427 1176 532 1338 ibus,
552 1247 622 1324 sed
646 1246 877 1347 generalibus
899 1274 907 1319 r
938 1250 1077 1321 etenim
1097 1245 1373 1344 particularibus

286 1344 430 1443 «regulis
449 1346 659 1450 scrupulosi
689 1350 894 1438 numqulm
913 1345 1137 1436 deveniunt,
1158 1359 1205 1424 ut.
1219 1369 1258 1420 ee
1270 1370 1373 1445 expe·-

285 1443 416 1530 diant,
445 1444 653 1522 dubitando
684 1471 853 1545 semper,
873 1472 921 1520 an
948 1443 1014 1519 illa
1042 1442 1169 1543 regula
1185 1442 1301 1527 valeat
1323 1442 1373 1518 vel

289 1568 367 1615 non
409 1569 448 1616 ro
465 1547 632 1642 praeseuti
646 1571 734 1620 casu
747 1597 758 1631 ,
771 1545 834 1644 qui
846 1569 994 1643 semper
1005 1539 1076 1617 sibi
1087 1540 1271 1623 videbitur
1286 1540 1370 1617 aliur

250 1730 252 1733 Α
289 1640 337 1718 ab
353 1569 440 1726 itio,
466 1647 532 1742 qui
550 1650 568 1717 a
586 1642 810 1718 confessario
824 1645 1061 1743 supponitur.

340 1763 400 1837 97.
427 1740 464 1813 Si
480 1745 516 1834 4.
532 1742 733 1843 scrupulus
750 1758 806 1818 est
827 1742 924 1818 circi
947 1740 1148 1841 praeteritas
1171 1738 1368 1813 Confessio·

288 1862 358 1920 nes
369 1894 379 1927 ,
390 1838 526 1939 nampb
541 1841 644 1941 quod
659 1843 696 1922 in
717 1842 769 1915 eis
788 1844 867 1916 nori
884 1843 969 1916 satis
984 1836 1246 1939 explicaverint
1258 1836 1371 1940 omnia

268 2002 271 2008 ,
289 1953 443 2036 peccata
461 1994 470 2025 ,
488 1955 554 2025 aut
570 1940 889 2030 circumstantias,
913 1940 970 2013 vel
996 1939 1098 2037 qnod
1117 1935 1317 2024 defecerint
1334 1937 1369 2007 iu
1438 2005 1439 2022 ,

255 2063 257 2070 ’
291 2033 440 2120 dolore,
458 2036 734 2128 confessarius,
754 2062 841 2111 cum
856 2036 1047 2128 advertat,
1066 2038 1308 2135 poenitentem
1319 2032 1371 2106 fe·
1438 2065 1439 2072 ¹

288 2133 383 2218 cisse
395 2134 670 2212 Confessionem
686 2136 896 2235 generalem
913 2150 1002 2227 ,aut
1021 2160 1087 2233 per
1103 2133 1257 2236 aliquod
1271 2146 1371 2207 nota·

186 2300 188 2304 ,
289 2230 1367 2335 biletempuspluriesrepetiiaseres·anteactaa;buicimpo·

287 2354 377 2406 nere
391 2332 513 2424 debet,
529 2360 575 2407 ne
593 2332 675 2409 illas
691 2331 1061 2434 ampliirsdelib'eratc
1073 2334 1264 2431 recogitet,
1276 2345 1313 2406 et
1330 2350 1370 2399 ne
1437 2417 1438 2424 ἵ

289 2429 1370 2533 verbumfaciatdecutpisvitaepretorius,nisicumjunre
1437 2447 1438 2530 p

290 2532 431 2627 possit,
455 2557 516 2605 eas
536 2531 648 2606 fnisse
674 2531 992 2616 certernortales,
1015 2546 1052 2604 et
1077 2535 1251 2631 praeterat
1279 2518 1368 2602 certb
1437 2581 1438 2598 ,

286 2633 495 2728 numqulm
510 2632 549 2704 in
564 2630 805 2707 confessione
824 2656 864 2708 ae
881 2627 1088 2706 condixisse
1105 2655 1114 2718 ;
1129 2630 1220 2704 dnm
1242 2623 1369 2700 docent

287 2724 366 2801 DD,
383 2729 640 2828 scrupulosos,
664 2730 807 2803 etiamsi
823 2755 868 2804 ex
881 2728 1146 2812 inadvertentia
1169 2726 1368 2803 omisissent

289 2824 444 2924 aliquod
458 2853 566 2926 grave
586 2842 807 2928 peccatum,
828 2856 904 2903 non
921 2827 1036 2906 teneri
1055 2827 1210 2922 (saltem
1227 2843 1312 2900 cum
1327 2817 1385 2890 de>

287 2922 363 3002 boo
374 2951 451 2999 non
466 2928 542 3000 sint
559 2928 673 3018 certi)
686 2945 775 3001 cum
788 2942 890 3002 tanto
906 2925 1144 3004 incommodo
1157 2943 1195 3004 et
1211 2915 1366 3025 periculo

287 3021 339 3094 ad
350 3025 566 3102 servandam
580 3026 830 3102 Confessionis
841 3027 1105 3125 integritatem,
1125 3030 1145 3100 b
1162 3050 1237 3125 qna
1247 3019 1368 3112 ,minua

286 3120 441 3219 quidem
458 3123 759 3212 incommodum,
778 3129 888 3221 quam
907 3124 979 3198 hoc
996 3129 1072 3223 jam
1088 3143 1261 3202 excusare
1280 3112 1368 3188 valet

286 3220 400 3314 (Lib.
415 3222 452 3298 6.
469 3248 514 3316 ex
533 3252 573 3307 n·
599 3227 682 3319 488.
699 3231 725 3320 )·
746 3224 867 3300 Curet.
883 3223 922 3297 iu
951 3222 1022 3296 hoc
1044 3221 1295 3299 Confessarius
1307 3267 1320 3327 ’.
1331 3220 1368 3282 ut

287 3324 474 3421 poenitens
493 3322 619 3398 exacte
642 3322 819 3413 obediat,
843 3336 881 3398 et
896 3325 928 3396 si
945 3348 1021 3396 non
1044 3321 1192 3410 obedit,
1205 3340 1290 3412 eum
1309 3335 1366 3382 rn-

214 3460 218 3480 ·
288 3436 439 3519 crepet,
465 3423 592 3520 privet
615 3424 917 3510 Communionc,
948 3437 985 3494 et
1010 3421 1172 3519 rigorose
1197 3420 1366 3491 coerceat.
1435 3415 1436 3506 ᾗ

286 3518 515 3619 scrupulosi·
528 3520 713 3597 ordinarie
735 3548 822 3596 cum
839 3519 1039 3597 dulcedine
1064 3514 1249 3596 tractandi
1267 3518 1368 3589 sunt.
1435 3513 1436 3544 ¹

285 3616 353 3690 sed
367 3617 463 3692 circa
484 3618 731 3700 obedientiam
751 3647 905 3718 magnus
919 3620 1017 3716 rigor
1033 3645 1121 3696 cnm
1139 3618 1226 3720 ipsis
1242 3622 1295 3684 eat
1309 3599 1367 3717 ed·

285 3714 494 3804 bibendum
510 3720 541 3792 si
564 3721 662 3793 enim
682 3720 779 3795 banc
803 3719 1018 3794 obedientiae
1041 3718 1242 3798 anchoram
1267 3712 1367 3780 amtt-

286 3829 371 3889 tunt
387 3872 397 3901 ,
416 3832 561 3892 certum
585 3820 782 3893 incurrunt
795 3817 1046 3915 naufragium,
1063 3844 1150 3891 nam
1166 3828 1230 3886 ant
1246 3821 1367 3881 amen·

288 3927 343 3987 tes
359 3910 539 4003 evadenl,
555 3932 618 3992 aut
629 3916 797 3990 ‘habenas
813 3919 852 3992 in
876 3917 958 3990 vitia
974 3914 1203 3990 relaxabunt.

335 4021 396 4111 98.
421 4018 458 4092 Si
476 4018 511 4112 5,
529 4015 774 4116 scrupuloso,
801 4019 866 4117 qni
888 4029 1011 4115 pavet,
1027 4040 1074 4088 ue
1089 4022 1226 4130 ,peccet
1239 4006 1366 4114 in'ssffl·
1434 4097 1435 4112 χ

286 4112 329 4188 ui
342 4139 381 4192 re
397 4172 407 4218 ,
426 4142 540 4217 quarn
561 4120 636 4214 agit
652 4170 668 4219 ,
689 4114 1157 4222 precipiatConfeasarrus
1171 4167 1183 4202 ,
1198 4120 1241 4188 ut
1259 4083 1370 4180 tuni
1434 4125 1435 4156 i
