2942 4717
150 311 153 314 <
261 271 306 355 46
401 254 404 267 ¹
649 269 761 339 Prasii
776 268 1035 341 confessarii.>

260 410 348 459 rum
368 385 618 464 fornicationis
633 385 672 460 in
691 387 839 462 affectu.
853 387 959 460 Circa
980 393 1129 484 peecata
1147 381 1348 487 conjugum
1399 429 1401 432 ·

260 501 431 585 respectu
456 487 503 559 ad
520 484 687 558 debitum
710 486 898 571 maritate,
925 484 1109 558 ordinaris
1136 484 1350 586 loquendo,

261 583 513 658 confessarius
533 610 608 657 non
624 598 797 676 tenetur,
813 583 1000 658 needebet
1014 584 1239 682 interrogare
1256 587 1350 671 ,nisi

260 707 417 770 uxores,
437 703 483 755 au
498 681 595 757 iilud
617 682 872 773 reddiderint,
890 682 1102 755 modestiori
1120 683 1254 773 modo,
1274 685 1349 783 quo

260 782 400 879 possit,
425 796 541 881 puta,
567 809 613 854 an
621 782 764 874 fuerim
785 782 987 856 obedientes
1012 780 1093 851 einis
1108 780 1145 850 in
1162 779 1353 854 omuibus-i¹

261 878 308 952 de
324 879 407 953 aliis
419 894 556 967 taceat,
573 880 644 953 nisi
655 882 897 978 iuterrogatus
921 879 1152 972 fueritQuae¹
1165 894 1289 952 autem
1302 879 1350 956 ti·

257 992 391 1070 ceant,
410 995 447 1052 et
463 1004 546 1080 quae
560 993 730 1053 vetentur
746 980 843 1053 inter
858 980 1044 1079 Coniuges
1060 979 1158 1052 circa
1175 977 1273 1051 idern
1294 979 1357 1049 de·

258 1074 501 1171 bitnmni'de,
520 1103 601 1178 quae
618 1077 697 1153 t'usie
720 1078 819 1183 dicta
840 1079 984 1151 suntin
1000 1079 1120 1176 Opere
1136 1082 1152 1174 (
1167 1075 1251 1152 Lib.
1266 1076 1292 1151 6
1309 1102 1352 1150 ex

146 1195 148 1199 ’
258 1178 427 1278 ιι.9οο.)

309 1280 370 1367 42.
388 1276 495 1350 Circi
509 1274 593 1349 th.
611 1277 842 1375 Praeceptum.
858 1274 1086 1373 Interroget,
1102 1274 1133 1346 si
1151 1272 1291 1373 aliquid
1305 1270 1351 1345 ab

260 1369 334 1445 aiio
346 1376 566 1473 surripuerit
577 1376 593 1447 i
604 1381 673 1449 stt
690 1401 787 1475 quo,
802 1390 838 1450 et
852 1401 899 1448 an
913 1373 959 1447 ab
974 1399 1049 1448 uno
1064 1427 1074 1457 ,
1089 1388 1152 1446 aut
1162 1371 1356 1471 pluribus?

258 1495 306 1542 an
325 1471 449 1562 aolus,
471 1500 516 1545 an
533 1500 623 1547 cum
637 1472 738 1564 aliis,
756 1489 847 1547 etan
865 1471 1000 1559 semel,
1021 1498 1067 1544 an
1088 1471 1226 1570 pluries
1240 1530 1252 1559 ,
1265 1470 1352 1585 quia

258 1571 291 1642 si
311 1570 476 1669 quilibet
487 1572 567 1645 rice
582 1574 770 1645 materiam
784 1579 928 1672 gravem
946 1573 1145 1670 sumpserit
1161 1625 1170 1657 ,
1186 1566 1352 1669 quahbet

258 1667 338 1741 rice
365 1673 529 1770 peccavit
551 1670 774 1764 mortaliter,
804 1667 952 1746 sivero
983 1670 1175 1743 materiam
1203 1692 1352 1768 parvam

258 1771 460 1866 sumpserit
474 1769 628 1867 singulis
645 1769 788 1844 vicibus
804 1824 815 1857 ,
832 1786 922 1844 tuno
948 1795 1025 1843 nou
1045 1770 1212 1866 peccarit
1233 1768 1354 1862 gravi·

257 1880 339 1953 ter,
358 1867 429 1940 nisi
444 1868 490 1940 ad
501 1893 646 1964 gravam
665 1869 856 1943 materiam
876 1866 1086 1957 advenerit;
1105 1862 1353 1939 dummodda

259 1964 444 2063 principio
458 1967 623 2039 animum
640 1993 716 2039 non
737 1965 909 2041 {tabuerit
924 1965 1164 2065 perveniendi
1180 2021 1189 2052 ,
1213 1962 1260 2037 ad
1276 1988 1352 2037 ma-

258 2064 388 2136 teriam
399 2089 562 2163 gravem3
579 2064 646 2138 sed
662 2092 750 2139 cum
763 2065 915 2139 materia
931 2070 1005 2165 jam
1020 2064 1116 2137 sacta
1135 2078 1192 2137 est
1211 2063 1325 2162 gravis
1342 2117 1353 2147 ,

258 2158 347 2236 lieet
360 2162 424 2236 ille
439 2166 594 2261 graviter
614 2189 690 2237 nou
731 2164 894 2250 secavit,
911 2180 1035 2237 tamen
1050 2160 1121 2235 sub
1141 2165 1239 2261 gravi
1252 2177 1352 2233 tene·

257 2259 380 2333 turad
398 2261 664 2340 restitutionem
675 2190 729 2360 (i.
746 2263 768 2336 3
785 2290 823 2338 n.
838 2261 923 2338 553.
938 2270 978 2356 );
997 2260 1129 2343 saltim
1145 2261 1251 2335 iliius
1267 2258 1353 2332 ulti·

202 2439 204 2444 ,
257 2381 330 2431 mae
365 2362 599 2461 quantitatis,
638 2386 722 2460 quae
756 2362 946 2436 materiam
981 2370 1128 2462 ¹gravem
1159 2357 1351 2434 constituit

257 2456 387 2556 (thid.
403 2461 440 2531 in
461 2459 526 2535 fin.
542 2463 569 2554 ).
594 2458 813 2534 Notandum
840 2474 984 2548 tamen,
1012 2458 1098 2556 plus
1116 2459 1280 2531 materiae
1304 2453 1352 2530 ad

257 2556 555 2632 constituendam
570 2561 782 2658 gravitatem
801 2561 840 2631 in
861 2559 967 2632 fartis
983 2559 1161 2645 minutis,
1180 2570 1217 2631 et
1232 2560 1352 2651 maio-

257 2680 339 2729 rem
359 2657 525 2757 requiri,
549 2661 580 2731 si
606 2657 797 2731 adirersis
821 2671 1032 2744 sumantur3
1058 2655 1159 2730 ands
1186 2655 1351 2744 dicitur,

259 2755 361 2850 quod
375 2756 415 2827 in
433 2754 539 2830 furtis
555 2757 728 2843 minutis,
748 2780 832 2871 quae
853 2754 1023 2856 pluribus
1039 2753 1182 2829 vicibus
1199 2754 1350 2828 diversis
1389 2834 1391 2838 v

116 2818 134 2914 '.
258 2851 354 2927 saon
367 2867 474 2941 suut,
492 2853 649 2954 duplum
668 2868 878 2955 requrratur
893 2854 1003 2948 (Lib.
1022 2852 1043 2926 3
1061 2855 1232 2945 u.‘53o.)
1256 2852 1350 2926 Etsi

256 2951 353 3023 inter
369 2977 410 3024 ea
425 2952 589 3027 notabile
604 2953 810 3027 intercessit
832 2966 978 3050 tempus
995 3009 1006 3044 ,
1032 2950 1195 3025 duorum
1213 2947 1349 3049 nempe

256 3050 460 3141 mensium,
485 3066 575 3125 tunc
599 3050 695 3126 furta
717 3050 959 3152 probabiliter
977 3078 1053 3124 non
1077 3050 1292 3124 coalescunt
1311 3049 1351 3120 in

256 3149 448 3227 materiam
474 3177 619 3248 gravem
635 3150 760 3249 (lbid.
777 3152 806 3250 )
836 3149 1083 3225 Probabiliter
1107 3165 1256 3236 autem,
1285 3143 1351 3260 qui

257 3244 400 3321 fructus
413 3249 618 3324 ederent'in
637 3250 793 3340 aliorum
808 3250 943 3340 vineis,
969 3247 1173 3321 dummodd
1185 3272 1263 3321 non
1278 3257 1352 3319 srut

257 3346 351 3432 rari,
368 3363 405 3420 et
422 3354 542 3446 magni
561 3352 693 3448 pretii,
713 3363 869 3449 possunt
891 3350 1055 3422 excusari
1072 3347 1204 3420 saltim
1223 3350 1241 3419 a
1259 3370 1351 3444 pec-

257 3459 338 3517 eato
356 3447 472 3544 gravi,
490 3451 520 3520 si
536 3448 631 3522 suras
649 3474 725 3522 non
737 3461 932 3546 exportant
943 3449 981 3520 in
1002 3471 1132 3543 magna
1148 3445 1350 3545 quantitate

256 3542 367 3640 (Lib.
391 3546 469 3620 311.
488 3546 573 3643 529.
598 3548 643 3638 Q.
661 3552 723 3636 2.)
742 3573 753 3631 ς
778 3549 817 3619 in'
834 3544 906 3619 hoc
925 3546 1024 3618 enim
1042 3570 1165 3617 rernm
1184 3566 1317 3642 genere
1337 3592 1349 3627 ,

257 3667 340 3740 quae
356 3644 464 3718 nimis
482 3645 780 3743 suntexpositoe,
799 3648 918 3742 major
936 3646 1120 3744 quantitas
1135 3641 1183 3715 ad
1202 3664 1350 3741 gravem

255 3743 446 3821 materiam
467 3743 765 3822 constituendam
788 3742 988 3842 requiritur
1001 3744 1016 3838 (
1029 3742 1142 3815 Num.
1163 3741 1246 3838 529.
1265 3743 1280 3830 )
1298 3740 1348 3812 Et

256 3837 327 3911 hae
344 3844 481 3913 ratione
498 3841 658 3922 faciliter
675 3855 829 3940 possunt
845 3840 1010 3914 excusari
1026 3839 1154 3925 famuli
1171 3852 1209 3912 et
1223 3837 1348 3909 samu·

256 3936 323 4027 tae,
345 3963 428 4037 quae
447 3939 720 4016 sibiaDomiuis
737 3953 890 4014 sumunt
906 3964 962 4012 res
982 3936 1249 4026 comestibiles;
1270 3960 1347 4008 mo·

258 4035 308 4107 do
327 4062 401 4110 nou
420 4040 494 4111 sint
515 4040 554 4110 in
577 4064 709 4132 magua
735 4039 964 4139 quantitate,
990 4051 1027 4112 et
1050 4032 1348 4111 extraordinarie

258 4132 363 4234 (Lib,
390 4136 424 4213 3,
440 4162 479 4227 n,
497 4138 584 4232 545.
601 4140 616 4236 )
634 4137 765 4237 Neque
778 4136 1021 4219 condemnari
1039 4133 1176 4215 dehent
1189 4135 1235 4211 de
1254 4153 1352 4234 pec·
1403 4221 1407 4228 ¹
