2942 4717
481 231 501 276 l]

308 279 372 330 loo
714 259 1032 344 PraxisConleitaiii
1213 279 1219 318 :

306 369 484 458 venibus,
514 384 557 443 ut
584 386 742 468 ragent,
764 373 947 447 Ecclesiae
981 370 1187 464 visitando,
1215 381 1327 478 utque
1344 381 1381 457 it

306 469 472 543 Ecclesia
488 487 699 556 morentur,
720 471 804 567 plus
820 476 930 570 quum
953 472 1000 543 eit
1019 474 1284 561 necessarium,
1302 503 1379 553 eum
1442 473 1443 502 ³

303 567 582 668 perturbatione
600 584 794 666 parentum
807 594 824 658 ;“
836 570 902 642 sed
927 594 986 643 eas
1014 588 1183 658 moneat,
1203 587 1242 643 ut
1257 576 1307 646 eia
1321 603 1379 676 pa·
1442 601 1443 660 ξ

228 668 232 679 “
305 682 434 756 reant,
462 664 608 739 labores
636 666 857 741 demesticos
886 667 1157 766 amplectendo,
1191 672 1379 762 Quomodd
1442 667 1443 742 l

302 779 448 850 autem,
466 778 501 836 et
518 766 1105 863 quanttmeonfessariuscarere
1119 765 1279 856 debeata
1291 769 1382 843 lami·
1442 759 1443 830 l

304 864 620 936 liaritatesuarum
634 866 910 964 poenitentium,
920 864 1046 939 deboc
1055 891 1178 938 sermo
1186 867 1297 940 fietu.
1313 893 1380 966 riq.

304 965 360 1037 De
386 962 587 1034 directione
612 979 732 1035 autem
754 967 967 1037 animarum
993 963 1243 1064 spiritualium
1259 968 1296 1050 in
1315 980 1382 1041 toto

303 1062 371 1136 lx.
388 1060 560 1162 Capitulo
576 1060 788 1161 loquemur.
835 1065 856 1104 ’ἲ

299 1325 306 1335 .
344 1258 377 1355 ὃ
391 1258 456 1334 IV.
475 1256 656 1359 Quomodd
674 1256 801 1334 debeat
814 1235 982 1356 regerere
1004 1257 1257 1356 Corrsessanirs
1271 1241 1348 1338 crim
1390 1347 1392 1354 y

538 1391 540 1395 ·
623 1419 626 1426 f
662 1355 779 1430 mutis
795 1409 805 1447 ,
821 1356 1025 1432 etsurdr'st'

356 1581 436 1630 roa.
461 1554 498 1627 Si
525 1568 651 1627 mutus
677 1569 771 1627 esset
805 1554 917 1628 erum
949 1553 1109 1643 surdus,
1130 1553 1188 1628 ut·
1208 1554 1382 1634 ordinarie

299 1656 446 1738 evenit,
474 1650 625 1752 adeius
656 1653 932 1727 confessionem
968 1653 1272 1754 excipiendam-o
1302 1668 1385 1729 ortet

287 1780 389 1838 ‚eum
409 1751 594 1826 adducere
612 1753 651 1822 in
670 1751 835 1852 aliquem
854 1751 1043 1825 occultum
1071 1751 1220 1842 locum,
1241 1681 1298 1825 ael
1319 1755 1385 1825 exi·

299 1853 467 1947 gendum
488 1848 676 1947 quoddam
693 1851 840 1949 signum
855 1875 1006 1939 suorum
1051 1867 1269 1925 escatorem
1280 1862 1315 1924 et
1327 1849 1386 1923 do·

224 1958 227 1964 '
302 1950 412 2034 loris,
428 1947 571 2020 meliori
588 1947 717 2035 modo,
732 1975 807 2047 quo
820 1962 952 2048 potest.
969 1878 1049 2037 sel
1059 1948 1161 2047 prius
1173 1954 1291 2049 ‘quum
1307 1976 1385 2024 eunt

298 2047 446 2130 audiat,
462 2059 565 2118 curet
576 2045 828 2119 Confessarius
842 2049 973 2121 instrui
986 2048 1032 2120 ab
1046 2053 1132 2145 ejus
1145 2047 1385 2120 familiaribus

300 2147 349 2220 de
364 2143 478 2245 ipsius
494 2144 607 2233 vitiis,
630 2144 727 2217 etde
744 2145 857 2220 modo
877 2145 1055 2235 tenendo,
1076 2173 1151 2245 quo
1171 2172 1259 2220 eum
1279 2146 1387 2245 perci·

301 2247 401 2347 piat,
416 2260 452 2317 et
468 2242 513 2315 ab
530 2268 573 2313 eo
590 2244 829 2342 percipiatur3
846 2258 883 2317 et
901 2270 987 2316 cum
1004 2242 1158 2345 aliquod
1177 2251 1255 2342 jam
1271 2270 1388 2341 perce·

299 2344 399 2446 ,perit
417 2346 496 2436 ejus
519 2339 741 2439 particulare
755 2356 966 2442 peccatum,
987 2369 1074 2417 curn
1095 2346 1205 2442 signo
1231 2342 1387 2430 doloris,

300 2445 411 2517 illum
427 2439 536 2513 debet
557 2440 755 2517 absolvere.
773 2439 844 2513 Sed
864 2466 931 2538 ego
949 2467 1094 2539 semper
1109 2468 1200 2540 euru
1217 2441 1295 2515 sub
1308 2467 1391 2515 con·

123 2625 125 2628 ,
300 2543 444 2616 ditione
461 2537 714 2627 absolverem,
736 2541 805 2613 nisi
821 2539 1019 2640 quamdam
1039 2540 1227 2615 moralem
1241 2543 1388 2615 certitu·

204 2648 208 2654 “
298 2642 432 2715 dinem
450 2637 624 2710 haberem
641 2636 687 2709 de
704 2643 782 2738 eius
803 2637 1055 2734 dispositione.
1130 2701 1134 2704 .

296 2782 303 2790 ·
359 2738 436 2812 103.
452 2735 577 2809 Mutus
595 2738 625 2808 si
640 2738 749 2808 sciret
761 2736 940 2823 scribere,
956 2741 1055 2836 juxte
1072 2752 1240 2812 nostram
1255 2751 1389 2811 senten·

300 2840 392 2911 tiam
412 2834 458 2931 (l.
472 2836 509 2907 6.
521 2862 556 2905 n.
571 2836 654 2931 479.
676 2837 887 2929 v.:Queer,),
902 2837 981 2932 ipse
997 2838 1389 2911 teneturad'confiten·

300 2937 397 3009 dum
408 2934 721 3029 perscriptorem
740 2933 1127 3032 qui-enimteneturad
1145 2938 1279 3026 finem,
1299 2952 1389 3009 tene·

302 3053 368 3110 tur
389 3032 499 3106 etium
519 3030 566 3101 ad
591 3030 711 3103 media
740 3029 936 3107 ordinaria.
960 3033 1054 3106 Dico
1081 3034 1266 3107 ordinant
1284 3090 1293 3124 ,
1308 3033 1387 3135 quia

300 3134 485 3230 seriptum
502 3154 577 3201 non
588 3144 681 3203 esset
695 3145 799 3203 muto
814 3131 1041 3204 ordinarium
1057 3129 1227 3214 medium
1242 3188 1250 3218 ,
1264 3134 1294 3206 si
1312 3133 1389 3222 alio

306 3233 396 3329 quin
416 3253 592 3326 maguum
620 3225 683 3299 ille
709 3227 859 3301 deberet
883 3229 1047 3303 laborem
1072 3229 1200 3303 subire
1222 3231 1272 3305 ed
1291 3257 1389 3305 suam

299 3330 579 3406 consessionem
595 3325 835 3425 explendam,
850 3341 913 3402 aut
923 3328 954 3402 si
965 3326 1280 3404 'manifestationis
1301 3331 1388 3430 peri·

295 3429 530 3506 'columesse
550 3442 680 3522 posset.
1100 3481 1123 3504 y.
1260 3477 1293 3491 ..
1369 3481 1373 3490 .

358 3529 437 3618 rod.
462 3526 501 3597 Si
521 3535 697 3623 umquam
716 3523 904 3600 accederet
915 3523 963 3598 ad
978 3525 1253 3601 confessarium
1271 3526 1389 3627 aliqua

304 3628 443 3707 mulier
454 3622 564 3696 surda
579 3679 590 3712 ,
604 3639 672 3695 aut
690 3623 898 3715 surdastra,
917 3638 953 3696 et
969 3626 1295 3700 Confessariusiin·
1308 3651 1392 3724 pro·-

291 3753 430 3833 ·gressu
460 3721 737 3804 Confessionis,
763 3724 994 3819 interrogans
1025 3722 1071 3797 de
1100 3724 1389 3800 circumstantiis

305 3823 449 3923 peccati
477 3820 657 3904 confessi,
682 3819 898 3905 adverteret,
918 3848 997 3893 eam
1021 3848 1099 3895 esse
1119 3823 1300 3912 surdam,
1315 3824 1392 3895 dn·-

292 3931 412 4005 bium
431 3923 495 4009 fit,
517 3946 565 3990 an
581 3918 830 3993 Confessarius
848 3918 1031 4018 possit'illi
1046 3920 1116 3994 altd
1133 3946 1226 3994 voce
1246 3923 1392 4005 dicere,

235 4100 238 4108 ,
292 4043 349 4103 ,ut
363 4018 570 4098 redeatalio
590 4033 802 4116 opportuno
818 4034 984 4119 tempore
1001 4036 1037 4092 et
1054 4019 1141 4092 loco
1156 4015 1309 4109 ;³C'aous
1334 4020 1392 4091 bic

272 4115 928 4226 ¹«aequetisstatuuntur1accidit,
954 4134 1002 4195 et
1020 4116 1125 4197 valde
1138 4188 1145 4204 ,
1158 4105 1391 4221 quandbqqe
1442 4111 1443 4184 l
