2942 4717
410 276 901 351 ltcnotudicisffofficium.
1148 287 1195 358 46

78 421 81 430 ·
117 388 336 488 uboolrenrlio
351 390 760 491 'huiuamodicrecidiria
787 395 826 467 in
852 392 1051 496 colloquiis
1069 402 1194 500 turpi·

116 490 177 566 bus
192 534 203 579 ‚·
216 494 383 592 quamvis
401 493 551 587 dicant,
571 518 608 566 oe
635 517 676 566 ea
700 494 898 593 protulisse
921 519 963 566 ex
984 500 1088 596 joco,
1120 499 1193 575 nisi

115 591 202 690 prius
219 591 490 678 emendentur,
518 592 576 667 rel
603 593 751 691 signum
768 593 1101 669 extraordinarium
1120 597 1195 669 do·

85 736 92 748 ·
116 691 188 763 loris
202 687 364 765 afferant.
382 692 418 785 4.
431 691 530 766 Num
544 693 758 790 jactaverint
769 692 864 765 rede
875 692 1001 792 aliquo
1018 693 1196 792 peccato?

116 790 308 864 tunc'enim
336 789 404 863 tria
425 805 577 888 peccata
594 790 647 863 sre
676 806 809 863 uenter
825 807 1054 865 concurrunt
1070 850 1079 877 ‚
1096 795 1196 868 scili··

123 901 348 987 cetnagnum
364 887 583 962 scandulum
602 815 852 980 nitentium,
868 892 1041 989 jactantia
1054 887 1102 965 de
1117 920 1196 968 mu·

123 982 153 1056 lo
173 987 360 1061 commisso
380 1042 391 1075 ,
415 1004 451 1060 et
476 986 747 1086 complacentia
774 986 821 1060 de
845 1005 996 1089 peccato
1017 1007 1194 1066 narrator

122 1082 261 1186 ideoque
276 1085 531 1184 interrogandi
556 1085 731 1192 runnfte
754 1112 829 1188 quo
847 1103 999 1189 peccato
1014 1089 1052 1162 in
1072 1093 1195 1189 specio

116 1207 145 1256 se
157 1183 464 1281 jactarintfflurn.
483 1186 988 1284 26)1nterrogenrurenum‚
1008 1214 1054 1261 an
1070 1189 1195 1272 deleo·

113 1284 167 1355 tati
189 1282 261 1357 'rint
289 1283 477 1358 audiendo
503 1282 594 1358 ulios
621 1284 817 1360 inhoneste
843 1284 1038 1386 loquentes
1053 1287 1069 1360 ἓ
1085 1302 1123 1361 et
1146 1315 1195 1364 an

111 1391 189 1454 tunc
204 1382 426 1478 adverterint
437 1384 484 1456 ad
499 1386 737 1459 correctionis
756 1401 1007 1487 preceptum,
1023 1401 1196 1488 putantes

110 1501 181 1556 tom
196 1482 459 1580 profuturam?

148 1580 205 1671 4¹·
223 1580 291 1653 ΠΙ.
321 1582 426 1655 Circa
445 1605 582 1680 opera3
610 1581 912 1681 interrogentur,
937 1607 1099 1684 quacum
1114 1609 1195 1659 ram

106 1673 300 1774 habuerint
313 1681 328 1751 i
341 1706 431 1754 num
442 1678 533 1754 alito¹
546 1706 634 1754 cum
650 1679 780 1754 eudem
801 1682 989 1778 peccarint
1003 1682 1018 1755 t
1034 1683 1096 1758 ubi
1158 1709 1197 1758 e·

105 1793 222 1868 catum
240 1778 354 1853 fuerit
381 1794 564 1876 patratum
588 1779 663 1879 (ad
692 1783 903 1864 occasiones
925 1708 1198 1881 removentiaer)

107 1877 241 1975 quoties
270 1892 466 1977 peccatum
485 1891 814 1972 consummatum,
839 1894 876 1953 et
925 1892 988 1953 uot
1006 1894 1109 1954 actuo
1134 1882 1198 1956 in·

103 1976 256 2072 terrupti
274 1975 484 2062 adfuerint,
508 1977 662 2051 seorsim
686 1983 703 2050 i
729 1905 1021 2079 peccaminum
1043 1993 1197 2081 peccato

105 2072 264 2152 muttum
287 2075 370 2150 ante
389 2079 670 2151 consenserint?
695 2077 789 2151 Nam
816 2091 904 2152 tuno
931 2092 1034 2152 actuo
1058 2077 1199 2153 interni

105 2172 453 2273 interrumpuntur,
474 2179 572 2274 juxto
594 2174 691 2250 dicta
710 2176 853 2274 (Num.
873 2173 960 2276 36.)
976 2190 1013 2250 et
1031 2190 1112 2250 tum
1137 2202 1200 2252 ex·

105 2269 202 2370 pedit
236 2273 400 2348 formare
434 2274 643 2374 judicium,
674 2276 781 2348 toties
810 2273 1056 2374 multiplicata
1084 2274 1199 2353 fuisse

105 2386 253 2467 peccata
270 2427 279 2460 ,
299 2387 390 2473 quot
407 2356 563 2446 moiulae
579 2375 727 2462 oomni,
747 2373 1021 2460 distractionis,
1040 2387 1111 2449 etc.
1134 2374 1200 2449 ud·

26 2497 27 2528 ³
105 2467 264 2560 tuerint,
285 2470 396 2570 prout
408 2487 495 2545 sunt
510 2499 635 2546 coram
651 2474 728 2547 Deo
749 2529 758 2560 ‚
777 2470 920 2548 tantum
936 2472 1200 2572 interrogando

106 2566 148 2641 de
174 2572 355 2671 temporie
384 2569 578 2646 duratione
602 2573 641 2645 in
664 2587 830 2671 peccato.
857 2569 969 2646 Sectis
997 2572 1028 2643 ui
1056 2571 1200 2646 malum

26 2713 27 2718 =
106 2691 169 2767 pro
199 2670 338 2744 ositum
360 2668 470 2744 fuerit
486 2683 710 2769 conceptum
731 2695 798 2771 per
817 2670 911 2743 duos
929 2724 938 2756 ,
956 2670 1014 2744 vel
1032 2682 1106 2750 trec
1122 2669 1201 2744 dieu

107 2695 196 2841 anti)
205 2772 565 2842 consummationem
586 2767 755 2872 peccati,
775 2784 812 2844 et
826 2771 922 2843 intro
936 2766 1035 2842 illud
1052 2783 1199 2868 tempus

106 2890 178 2939 non
195 2867 309 2941 fuerit
334 2881 595 2954 retractatum,
623 2869 709 2968 quia
727 2880 821 2942 tunc
840 2869 1001 2943 sumitur
1026 2893 1094 2968 pro
1123 2891 1201 2943 uno

26 2987 27 2996 ¹
107 2988 262 3040 numero
307 2983 473 3042 eccatum
488 2992 497 3057 ;
512 2966 597 3042 vide
614 2967 709 3041 dicta
722 2966 864 3043 ibidem.

153 3066 197 3138 Se
226 2993 438 3180 poiiuenter
456 3067 726 3165 interrogentur
743 3069 854 3139 etium
879 3064 925 3137 de
951 3063 1109 3140 tactibus
1125 3064 1204 3139 im-

26 3253 27 3256 *
108 3162 255 3261 pudicis
270 3169 478 3263 separatisa
497 3163 794 3266 pollutionibus,
822 3181 859 3239 et
876 3179 1118 3256 moneantur,
1138 3190 1202 3242 eoo

108 3281 181 3335 esse
199 3262 379 3337 mortalia.
399 3263 491 3336 Item
517 3266 811 3363 interrogentur,
840 3289 886 3336 an
902 3262 1201 3362 concupierint,

107 3362 163 3434 rel
186 3388 239 3450 an·
258 3360 430 3436 delectati
450 3363 588 3437 fuerint
611 3361 658 3434 de
681 3362 817 3462 copula
847 3362 1003 3462 cogitata
1022 3388 1110 3436 cum
1128 3362 1203 3436 ali·

109 3485 179 3559 qua
194 3518 204 3550 ,
219 3460 279 3533 rel
298 3461 466 3561 plurihuu
487 3461 724 3548 mulieribus,
742 3478 807 3534 aut
829 3462 973 3560 pneris,
995 3476 1084 3534 tunc
1100 3463 1204 3536 enim·

110 3571 321 3660 totpeccata
335 3561 514 3634 distincta.
525 3561 775 3635 committunt.
793 3561 886 3633 Item
902 3561 1070 3647 adverte,
1087 3560 1205 3659 quod,

111 3658 138 3730 ri
157 3663 238 3759 quis
253 3661 370 3734 coiret
385 3661 602 3746 interorum
617 3676 680 3732 aut
696 3658 849 3732 brachia
868 3658 1032 3732 mulieris
1047 3712 1056 3744 ,
1072 3672 1206 3756 praeter

112 3774 302 3871 peccatum
314 3764 442 3833 contre
457 3775 645 3845 naturum,
661 3761 907 3831 committeret
920 3757 1205 3834 fornicationem

112 3857 347 3945 melioratam,
377 3857 450 3931 sive
470 3858 701 3947 effectivam,
724 3854 929 3931 iuridicunt
959 3856 1206 3930 communiter

113 3951 255 4030 Filliuc.
273 3955 404 4031 Tamb.
424 3955 528 4030 Holn.
556 3958 662 4054 Spor.
686 3971 756 4029 etc,
777 3957 834 4052 (Ι.
861 3957 881 4031 3
901 3983 937 4028 n.
959 3953 1032 4047 466
1059 3980 1093 4026 v.
1121 3956 1208 4030 Priss

113 4076 206 4128 mam
224 4053 315 4146 ‚infr
335 4056 458 4153 111.(;
493 4055 592 4130 unde
616 4055 678 4131 hic
703 4055 779 4129 duo
801 4066 958 4155 patraret
1005 4068 1128 4129 eccatu
1148 4054 1208 4146 di·

113 4175 220 4251 verre
235 4155 398 4260 speciei,
416 4180 535 4232 unum
552 4171 685 4235 contra·
693 4170 865 4240 naturam
878 4154 918 4228 in
936 4179 956 4228 e
985 4167 1069 4230 ectu
1087 4211 1097 4249 ,
1117 4154 1209 4230 alte·
