2942 4717
364 308 446 403 Cap.
463 310 520 378 ΙΙΙ.
539 311 593 379 De*
605 311 773 380 ordinibus
789 312 824 378 in
840 311 958 401 specie.
1015 294 1017 297 ’
1130 307 1195 376 285

123 417 305 494 declaravit
326 422 466 497 Bened.
488 423 591 498 XIV.
613 425 652 495 in
676 422 806 511 Bulla,
820 423 917 497 Cum
942 416 1016 491 duo
1044 416 1196 492 Nobiles

122 521 136 618 (
148 519 283 605 videt.
309 520 331 593 3
349 547 388 595 ιι.
413 522 499 617 3¹9·
523 548 557 593 r.
579 519 852 616 Probabilem.)
873 520 950 594 Nec
972 532 1125 615 possunt
1144 517 1197 588 ibi

122 617 234 716 plores
256 618 435 694 celebrari
455 620 573 692 Missae
589 674 598 705 ,
614 622 648 694 'si
665 616 717 693 ibi
733 620 870 692 dicitur
889 617 958 714 (int
978 631 1198 690 consuetum

44 733 46 736 ’
122 723 188 806 est)
210 742 279 790 uno
306 720 427 790 Missa
451 718 602 811 quottidie
628 718 848 799 celebratum
870 715 1069 789 declaravit
1096 715 1198 789 enim

121 812 245 888 Bened.
262 815 365 890 XIV.
379 816 418 888 itt
439 814 573 905 Bulla,
593 818 732 914 Magno
749 871 758 902 ,
778 815 848 888 sub
869 814 928 886 die
943 841 963 885 2
979 814 1067 886 Jon.
1091 814 1199 909 1751.

124 909 229 1009 illud,
246 939 346 1002 una,
368 914 467 987 idern
489 940 567 988 esse
590 939 633 988 ae
659 913 767 989 unica
791 915 856 1009 (n.
879 913 964 986 351.
985 913 1081 984 circa
1107 910 1200 1005 fin.)

116 1011 314 1084 „sinautem
341 1012 380 1085 in
405 1011 462 1085 bis
513 1014 633 1087 rivalis
657 1013 835 1086 oratoriis
860 1011 973 1109 possit
997 1009 1199 1082 ministrari

120 1111 347 1182 ‘communiol
359 1109 433 1184 Alii
450 1039 652 1198 affirmant,
667 1111 729 1183 alii
745 1108 982 1183 communiis
995 1121 1146 1206 negant3
1163 1121 1201 1181 et

120 1205 246 1280 bened.
265 1208 365 1283 XIV.
383 1209 423 1281 iu
438 1209 555 1307 Epist.
575 1208 729 1381 Encpcl.
749 1208 796 1282 ad
814 1205 1017 1306 Episcopus
1034 1204 1199 1279 Poloniae

119 1304 325 1378 subendam
350 1306 411 1380 die
436 1308 565 1382 2Jun.
588 1332 656 1404 pro
687 1307 781 1381 ibuit
798 1306 878 1379 dari
896 1306 1199 1381 communionem

114 1405 152 1476 in
163 1406 313 1503 privatis
328 1404 506 1479 Oratoriis
520 1405 598 1480 sine
615 1406 766 1480 licentia
782 1405 958 1504 Episcopi
975 1407 1057 1503 (cit.
1074 1429 1112 1477 n.
1128 1403 1201 1499 359

118 1525 151 1577 t.
162 1503 346 1597 Quaeres.)
358 1502 553 1578 Celebrate
568 1520 690 1577 autem
703 1505 743 1575 in
760 1504 852 1577 mari
867 1507 1071 1603 numquam
1088 1501 1200 1588 licet,

117 1601 183 1674 nisi
200 1627 243 1674 ex
262 1600 412 1675 licentia
427 1627 595 1702 expressa
610 1603 799 1681 Pontificis
816 1606 882 1690 (ιι.
899 1602 971 1701 359
984 1603 1080 1674 circa
1097 1600 1178 1695 fin.)

160 1699 361 1781 celebrans
379 1701 418 1774 in
431 1700 595 1774 Ecclesia
614 1700 756 1794 polluta
773 1725 839 1800 per
857 1701 1037 1775 notoriam
1052 1695 1257 1770 effusio-¹¹⁵

34 1842 35 1851 2
106 1821 197 1871 <nem
211 1797 403 1897 sanguinis
420 1799 459 1873 in
478 1798 633 1872 notabili
646 1802 875 1900 quantitate(
886 1824 973 1871 nam
988 1799 1027 1870 iu
1046 1823 1079 1871 c.
1101 1823 1140 1869 ιο
1155 1794 1202 1867 de
1303 1872 1308 1876 ,

34 1962 35 1995 ᾗ
102 1895 227 1970 'Consz
243 1897 382 1971 dicitur
393 1896 860 1996 sangvinlseffustbue),vel
873 1896 1042 1986 seminis,
1062 1906 1127 1967 aut
1135 1919 1203 1995 per

117 1995 342 2094 sepulturam
355 1995 1204 2083 infidelis,baeretici,velexcommunicati,an-

34 2094 35 2165 }
117 2098 264 2193 tequam
281 2094 541 2169 reconcilietur
552 2095 598 2173 ab
614 2098 801 2196 Episcopo
814 2096 891 2190 (vel
908 2099 926 2168 a
945 2093 1141 2168 Sacerdote
1156 2091 1202 2165 ab

116 2191 298 2294 Episcopo
319 2191 512 2293 delegato,
531 2194 562 2267 si
584 2195 754 2268 Ecclesia
777 2193 889 2269 luerit
915 2191 1057 2267 tantiam
1084 2190 1203 2264 bene-

118 2290 231 2389 dicta)
247 2345 258 2376 ,
276 2291 431 2389 graviter
445 2307 597 2391 peccat;
618 2294 682 2365 sed
698 2293 842 2367 nullam
859 2292 1017 2377 incurrit
1031 2316 1201 2390 plenam,

116 2405 155 2461 ut
168 2388 402 2490 probabilibs
422 2390 554 2465 dicunt
571 2391 674 2465 Suar.
689 2393 741 2464 La
769 2417 816 2466 m.
834 2394 957 2487 Lago,
980 2388 1091 2462 etalii
1112 2415 1201 2462 cum

114 2486 249 2563 Bencd.
264 2488 367 2563 XIV.
379 2488 426 2562 de
438 2489 539 2564 Sacc.
554 2490 739 2589 Missae(L‘
771 2490 869 2564 .6n‘.
884 2489 950 2561 361
970 2487 1016 2560 ad
1031 2485 1130 2583 366.)
1143 2488 1203 2560 Sic
1338 2516 1347 2529 ‘
1390 2482 1397 2497 ⁸

114 2590 221 2665 etiam
262 2600 317 2661 est
343 2588 498 2678 mortale
526 2588 715 2663 celebrare
742 2588 781 2662 in
815 2588 982 2662 Ecclesia
1013 2599 1201 2670 execrata,

115 2685 249 2787 nempe
267 2686 297 2760 si
319 2685 450 2760 ecdem
476 2700 643 2785 tempore
667 2685 836 2760 demoliti
859 2690 933 2761 sint
955 2684 1109 2784 parietes
1134 2709 1202 2782 pro

117 2786 245 2879 majori
266 2797 389 2881 parte,
414 2782 473 2858 tel
495 2800 618 2858 crusta
637 2784 758 2860 ablata
776 2789 790 2879 (
802 2812 839 2859 n.
864 2785 934 2880 367
957 2800 993 2857 et
1016 2781 1126 2872 368.)
1142 2784 1203 2856 An

116 2898 237 2956 autem
255 2880 365 2967 liceat
378 2881 635 2958 Sacerdotibus
650 2884 836 2958 celebrare
850 2885 889 2956 in
900 2876 1075 2958 Ecclesiis
1090 2883 1205 2978 Regn-

116 2979 249 3055 larium
275 2996 403 3055 contra
423 2981 711 3078 prohibitionem
727 2981 935 3084 Episcopi?
946 2979 1049 3059 aVide
1071 2979 1215 3055 dicen-⁴

116 3077 448 3179 dat29Cap.4n.
466 3081 650 3155 LXXVII.

159 3181 283 3271 Quaet.
302 3176 353 3252 X.
373 3180 467 3270 Quae
489 3182 726 3280 requirantur
744 3179 817 3253 sub
840 3178 936 3277 grati
956 3192 1138 3281 praecepto
1157 3183 1262 3257 adut
1312 3236 1314 3239 .

115 3274 180 3350 rite
205 3277 354 3351 Missam
377 3275 661 3351 celebrandam?
677 3281 889 3377 Requiritur
904 3279 942 3355 l.
966 3281 1109 3377 Altera,
1131 3289 1205 3361 siva
1268 3286 1270 3292 '

117 3375 190 3445 Ara
207 3372 354 3472 lapidea
371 3372 417 3446 ab
434 3376 622 3489 Episcopo
639 3393 849 3450 consecrata
866 3384 982 3463 ,cum
1002 3387 1204 3477 sepulchro

116 3471 366 3574 Reliquiarum
390 3487 427 3545 et
451 3472 596 3571 sigillo,
617 3473 682 3571 ubi
706 3474 860 3573 omnind
886 3477 1098 3575 reponenda
1116 3497 1206 3559 sunt

116 3568 259 3662 hostia,
281 3584 318 3643 et
342 3572 530 3670 particulae
550 3590 772 3648 consecratae
790 3577 805 3672 (
820 3573 846 3647 l.
864 3572 942 3648 6n.'
960 3575 1030 3669 372
1051 3597 1088 3654 et
1106 3584 1206 3678 373)

112 3667 313 3749 Execratus
327 3685 451 3751 autem
465 3670 599 3759 altare,
615 3672 665 3745 ita
687 3687 729 3746 ut
750 3671 902 3746 mortale
916 3677 963 3746 sit
979 3674 1146 3754 futurum
1160 3682 1202 3755 in

115 3791 155 3841 ee
175 3766 385 3856 celebrare,
402 3771 431 3843 si
452 3788 577 3845 mensa
594 3786 805 3845 consecrata
820 3787 1026 3847 removetur
1042 3777 1087 3850 ab
1107 3780 1205 3851 inle-

113 3866 200 3938 riori
219 3872 429 3955 structura,
447 3873 504 3939 vel
521 3869 550 3942 si
565 3895 627 3943 ara
644 3868 856 3945 notabiliter
869 3871 1067 3971 frangitur,
1081 3893 1143 3949 ant
1157 3876 1203 3950 ab

115 3988 156 4035 ea
171 3964 390 4039 auferuntur
406 3965 586 4066 Reliquiae
601 4024 611 4054 ,
629 3985 692 4043 aut
709 3969 892 4068 sigillum.
915 3971 1026 4068 proitt
1048 3975 1206 4050 habetur

101 4062 329 4148 ,ianccreto
339 4066 444 4143 Sacc..
457 4067 673 4166 Congregat.
687 4070 838 4143 Rituum
852 4071 912 4162 (n.
927 4071 1084 4167 sept-In
1099 4072 1204 4167 altari

105 4163 356 4261 ¹requiruntur
368 4165 477 4241 etiam
494 4179 567 4245 tres
583 4193 745 4269 mappae,
764 4165 1037 4267 necsulliciunt
1048 4172 1149 4267 ducet,
1163 4173 1206 4250 tt
