2942 4717
197 273 331 372 capitul.
349 276 395 349 V.
412 276 587 367 Quomodo
604 297 678 345 com
693 277 870 349 habitastis
885 295 918 348 et
933 281 1101 349 recidivis.
1155 275 1201 348 δι’

40 381 41 384 “
128 379 711 491 quistantbm'reciperet'qratiam
729 397 748 465 ὲ
766 394 844 468 Deo
860 399 991 495 (cujus
1004 391 1202 470 admirabi-

129 486 174 561 les
181 504 255 560 sunt
264 489 544 584 misericordiae)
558 514 641 603 quse
655 493 778 588 ipsum
793 492 908 566 taliter
920 508 1103 568 mutatum
1119 491 1200 564 red·

129 584 220 667 deret,
230 603 286 672 ut,
300 589 386 660 lieet
399 586 523 661 adhitc
533 587 695 703 aliquem
707 615 860 687 pravum
874 609 1018 667 motum
1029 592 1195 684 sentiret,

124 709 277 781 magnum
298 701 426 762 tamen
452 703 682 785 concepisset
700 688 894 762 horrorem
914 689 1089 765 adversim
1105 716 1201 790 peu-

123 798 250 866 reatum,
269 800 308 858 et
324 784 436 858 simirl
453 785 665 859 notabiliter
682 785 910 862 diminutum
928 789 967 861 in
981 815 1020 862 se
1036 783 1201 888 cognos-

133 896 208 955 seret
219 882 390 968 ardorem
411 887 739 985 concupiscentie,
762 886 811 980 ita
832 904 872 960 ut
892 890 1007 984 gratid
1032 887 1199 960 munitus

40 1043 41 1046 ,
134 979 211 1060 sacili
221 985 297 1081 jam
313 984 493 1083 inciperet
508 985 770 1078 tentationibus
784 985 960 1060 obsistere
973 1012 981 1073 ;
995 1002 1032 1059 et
1045 989 1199 1084 insuper

131 1077 208 1153 lirini
225 1083 411 1155 statuisset
430 1083 470 1156 in
488 1081 677 1184 pusterlam
695 1138 704 1168 ,
723 1109 799 1157 noa
816 1085 960 1158 tantiam
974 1087 1087 1159 vitare
1107 1110 1199 1185 pec-

108 1193 206 1264 cata,
226 1192 261 1253 et
287 1184 529 1272 occasiones,
558 1180 625 1258 sed
651 1184 761 1255 etttm
782 1182 904 1258 media
928 1190 1199 1284 opportuniora

120 1277 286 1447 suscipere
307 1278 589 1366 ad'virendum,
610 1277 652 1352 tu
668 1279 904 1355 Sacerdotem
926 1282 1055 1366 decet,
1071 1286 1199 1380 'etjam

119 1373 197 1447 simia
237 1379 438 1477 incepisset
460 1373 509 1451 ad
534 1404 637 1453 suam
663 1382 939 1453 conversionem
969 1381 1199 1455 confirman-

113 1472 189 1546 dam
201 1474 381 1551 instanter
398 1502 523 1576 preces
538 1476 727 1551 effundere
742 1504 810 1579 pro
825 1506 889 1553 sua
907 1480 1199 1579 perseverantia,
1292 1487 1295 1492 ⁴

118 1596 188 1645 rum
205 1600 261 1647 ma
292 1601 337 1646 ua
355 1590 392 1650 et
409 1574 471 1649 tali
491 1579 529 1649 in
552 1578 671 1652 Deum
686 1574 838 1664 fiducia,
859 1604 941 1677 quae
956 1603 1041 1653 eam
1062 1577 1199 1653 redde·

72 1762 74 1765 Α
112 1601 361 1748 retmoraitcer
382 1699 555 1752 securum
575 1672 621 1746 de
647 1674 807 1774 quadam
835 1699 975 1774 magna·
993 1678 1197 1751 mutatione

107 1772 202 1855 -ritae;
219 1797 262 1845 eo
278 1798 365 1846 casu
384 1788 506 1872 posset
527 1771 780 1847 Confessarius
796 1799 882 1850 eum
902 1774 1109 1864 absolvere,
1127 1777 1197 1852 etsi

108 1866 180 1967 ipse
196 1870 306 1944 vellet
318 1878 534 1972 statimpost
549 1871 828 1948 confessionem
846 1874 1030 1949 Ordinem
1046 1897 1197 1950 sacrum

111 1966 308 2067 suscipere(
326 1974 526 2061 Attamen,
550 1969 636 2044 licet
659 1970 784 2045 adbirc
807 1972 845 2045 in
870 1971 1086 2071 hujusmodi
1107 1997 1197 2048 casu

40 2067 42 2148 J
110 2065 288 2143 Poenitens
314 2092 487 2170 maguam
512 2069 684 2145 habuerit
710 2075 1066 2241 compunctionem.
1090 2071 1197 2147 Coa-

40 2235 41 2240 ,
105 2159 266 2241 tenarius
288 2168 468 2268 quantiam
488 2184 609 2268 potest
634 2195 765 2244 curare
809 2170 915 2259 ebat,
942 2169 1113 2256 utillum
1138 2170 1198 2246 in-

107 2262 211 2339 ducat
231 2266 279 2339 ad
295 2265 537 2341 differendam
555 2269 828 2367 susceptionem
845 2268 1018 2360 Ordinis,
1035 2268 1082 2343 ad
1099 2268 1197 2359 boc,

109 2377 146 2435 at
168 2364 337 2440 mellissa
358 2392 471 2464 pravo
492 2365 622 2439 habitu
646 2392 685 2440 se
704 2382 862 2465 purget,
889 2383 927 2441 et
950 2367 1083 2441 mettas
1104 2393 1196 2442 con·

106 2479 202 2561 cepta
223 2466 412 2564 proposita
438 2480 652 2565 exequatur.
669 2464 750 2538 Imb
766 2464 929 2541 adhunc
945 2466 1120 2542 effectum
1136 2520 1146 2551 ‚
1163 2465 1195 2550 ti

40 2593 42 2662 t
104 2558 171 2646 ille,
181 2564 277 2638 nolit
294 2563 444 2638 differre
457 2565 730 2664 susceptionem
748 2619 768 2654 ,,
783 2579 902 2662 potest
917 2569 1024 2640 etism
1038 2564 1196 2638 confes-

40 2669 42 2750 ξ
105 2662 211 2736 sarius
224 2668 412 2761 tamquim
424 2660 607 2748 Medicus,
625 2661 670 2736 ad
682 2668 862 2759 majorem
876 2668 956 2760 eius
973 2661 1194 2756 profectum,

40 2777 42 2852 ς
108 2756 245 2834 differre
262 2761 333 2857 ipsi
350 2761 656 2845 Absolutionem,
675 2776 715 2834 ut
733 2761 941 2836 initiandus
953 2761 1104 2836 Ordinis
1115 2783 1195 2836 sus·

40 2877 42 2968 j
105 2859 306 2958 ceptionem
323 2859 484 2934 differat..
505 2860 586 2934 Hoc
604 2875 728 2933 tamen
747 2859 1056 2961 intelligendum,
1079 2858 1194 2940 modo

40 2987 42 3032 t
103 2980 144 3032 ex
167 2957 229 3032 tali
251 2957 430 3033 dilatione
455 2984 532 3032 non
554 2957 684 3033 subeat
702 2957 767 3032 itta
797 2961 1008 3059 periculum
1033 2957 1192 3058 alicujus

40 3045 42 3064 '
102 3052 284 3142 infamiae,
309 3073 372 3132 aut
400 3073 515 3144 notae,
539 3071 629 3144 tuuc
658 3059 763 3156 enim⁴
788 3058 930 3158 (proiit
953 3074 1121 3134 notatum
1137 3070 1195 3134 est

102 3178 138 3230 a.
156 3153 213 3255 69
230 3164 244 3249 )
261 3155 577 3232 Poenitens'laabet
588 3162 665 3254 ius,
684 3159 865 3231 utstatim
883 3155 1103 3231 absolvatur.
1115 3157 1195 3234 Cae·

40 3339 41 3342 Ἴ
104 3252 215 3334 teriam
233 3255 454 3330 confessarii
471 3253 611 3330 debent
629 3279 707 3340 esse
725 3254 895 3330 difficiles
911 3312 921 3343 ,
936 3254 1116 3356 quantiam
1133 3257 1193 3330 fie-

41 3423 42 3426 ,
104 3351 134 3425 ri
149 3366 267 3450 potest
284 3410 292 3438 ,
312 3357 350 3428 in
368 3354 599 3430 absolvendis
620 3351 837 3453 hujusmodi
853 3353 1106 3445 ordinandis,
1124 3353 1192 3456 qui
1240 3410 1242 3414 -

106 3450 334 3549 postmodium
352 3452 535 3530 ordinarie
551 3454 700 3554 pessimi
716 3452 903 3538 eradunt,
920 3469 957 3530 et
971 3453 1191 3552 sic'populis

99 3564 139 3622 tet
151 3549 326 3628 Ecclesiae
344 3554 547 3655 perniciem
558 3552 913 3652 ‚magnamfafferunt
926 3558 943 3655 (
955 3549 1054 3632 Vide
1068 3553 1095 3627 t.
1109 3550 1135 3625 6
1147 3574 1192 3636 ex

154 3647 241 3751 u>
