2942 4717
756 171 762 202 l

203 236 247 285 ²2
582 216 693 290 Praxis
708 219 914 289 confessarii.
950 259 953 264 -
1060 255 1063 262 ·

204 330 341 410 temere
368 325 415 407 ad
437 334 671 433 excipiendas
697 334 951 408 Confessiones
970 358 1008 406 se
1027 333 1303 414 intromittente·

204 432 362 530 Oportet
381 429 533 513 saltem,
559 447 600 505 ut
617 433 873 506 Confessarius
894 432 984 505 sciat
1006 434 1033 506 l.
1060 432 1104 503 ad
1123 456 1206 530 qoae
1229 458 1298 503 sua

201 525 410 628 jurisdictio
432 557 471 606 se
493 529 675 605 extendat.
693 530 866 605 Advertat
892 530 953 606 hle
977 531 1150 630 quisque,
1173 532 1296 603 Sacer·

203 624 308 701 dotes
331 627 550 730 saeculares,
580 643 617 702 et
650 630 833 726 regulares
860 628 1008 703 alterius
1039 629 1188 714 Ordinis
1216 654 1293 700 non

204 747 313 825 posse
327 726 456 800 audire
472 726 728 803 Confessiones
752 727 1037 825 Religiosorum,
1053 726 1133 801 sine
1148 725 1295 800 licentia

204 848 358 900 suorum
376 824 645 916 Praeletorum,
667 830 828 924 exceptis
845 827 1011 911 casibus,
1029 826 1059 899 si
1080 829 1149 899 iter
1165 840 1302 923 agant,

202 923 236 998 si
254 922 342 998 alibi
358 940 569 1009 morentur,
585 941 621 997 et
636 927 779 999 socium
798 953 873 998 non
895 925 1077 1014 habeant,
1098 939 1160 997 aut
1178 924 1294 998 aliem
1372 980 1375 986 ·

201 1020 440 1097 Sacerdotem
478 1023 655 1100 idoneum
686 1025 854 1125 ejusdem
887 1024 1100 1120 Religionis.
1129 1025 1177 1100 Et
1206 1036 1297 1095 tunc

203 1120 377 1220 Religiosi
394 1140 549 1222 possunt
564 1122 700 1196 absolvi
719 1124 766 1196 ab
784 1124 884 1196 omni
900 1122 1062 1224 simplici
1077 1121 1295 1208 Sacerdote,

205 1216 296 1310 dum
316 1224 529 1321 Superiores
550 1240 664 1318 tnnc,
688 1219 810 1296 dando
834 1221 1020 1314 licentiam
1040 1221 1097 1293 his
1113 1218 1299 1310 subditis,

200 1315 406 1393 intendunt
440 1346 519 1394 eam
547 1315 633 1391 dare
664 1326 761 1416 juxta
789 1319 1120 1403 consuetudinem,
1153 1317 1298 1391 scilicet

202 1418 403 1492 confitendi
429 1422 545 1506 cuivis
572 1420 759 1491 Sacerdoti
779 1420 910 1492 idoneo
928 1418 1039 1515 (Lib.
1053 1418 1094 1502 6,
1110 1443 1146 1489 n.
1167 1417 1252 1513 575.
1268 1423 1294 1500 ).

199 1512 295 1591 Item
327 1519 443 1616 quiris
469 1518 720 1591 Confessarius
744 1523 837 1594 seire
864 1516 974 1590 debet
993 1539 1120 1604 casus,
1140 1530 1178 1587 et
1201 1515 1295 1585 Cen·

201 1639 303 1687 suras
337 1632 562 1715 reservatas,
597 1615 728 1689 saltem
755 1641 840 1701 eas,
873 1618 911 1688 in
944 1641 1034 1715 quas
1065 1612 1297 1712 irequeuubs

201 1713 344 1786 incurri
368 1713 483 1800 solet,
502 1712 631 1812 ‚proiit
660 1730 748 1786 sunt
778 1715 1191 1806 Etcommuuicatioues
1222 1712 1296 1784 Pu-

33 1845 36 1856 ·
99 1845 100 1848 ¹
200 1810 325 1985 pales,
351 1829 543 1911 quaesunt
571 1815 610 1886 in
635 1812 741 1889 Bulla
767 1815 911 1901 Coeum,
940 1812 1087 1887 haeresis
1119 1825 1296 1896 externa,

218 1915 314 1984 ectio
339 1927 404 1985 aut
435 1917 592 1986 retentio
617 1926 679 1983 aut
705 1912 869 1985 venditio
895 1912 1072 1993 librorum
1098 1910 1296 1991 Haeretieo·

200 2033 307 2092 rum,
342 2011 407 2105 qui
447 2035 490 2082 ex
522 2011 685 2110 professo
713 2010 761 2084 de
795 2010 981 2106 Religione
1020 2022 1203 2096 tractant,
1232 2021 1298 2082 aut

200 2109 394 2180 continent
426 2107 597 2181 baeresim
625 2109 820 2181 formatem
841 2112 955 2192 :item
987 2109 1154 2205 quinque
1188 2132 1301 2190 casus,

199 2193 356 2304 Papales
370 2205 569 2279 Clementis
584 2207 681 2279 VIII.
701 2210 763 2306 qui
783 2224 889 2296 sunt,
910 2207 1095 2303 percussio
1112 2204 1308 2291 enormis,

124 2331 133 2342 ·
202 2318 268 2377 sut
291 2301 486 2379 mediocris
510 2304 664 2387 Clerici,
689 2306 747 2379 vel
770 2305 968 2388 Monaclri,
991 2306 1143 2377 simonia
1168 2302 1298 2392 realis,

199 2418 264 2476 aut
288 2403 585 2489 confidentialis,
612 2404 761 2477 violatio
787 2407 975 2492 Clausurae
1008 2402 1221 2477 Monialium
1247 2401 1297 2476 ad

89 2543 93 2547 -
190 2499 342 2574 ‘malum
383 2505 516 2590 finem,
550 2501 695 2580 violatio
728 2503 970 2575 immunitatis
1003 2500 1295 2586 Ecclesiasticae,

200 2614 237 2671 ct
272 2599 474 2688 duellum3
508 2605 595 2675 item
632 2601 1029 2677 excommunicationes
1061 2605 1080 2671 a
1117 2602 1298 2673 Pontifice

200 2698 403 2775 Benedicta
430 2699 533 2774 XIV.
565 2715 742 2774 emanatae
769 2702 806 2771 in
829 2698 1055 2772 absolventes
1084 2698 1295 2794 Complices

199 2798 239 2872 iu
267 2798 418 2870 materia
441 2801 540 2891 turpi
558 2796 664 2886 (nb.
679 2799 715 2880 6.
738 2825 774 2870 n.
792 2798 889 2882 553)
909 2814 969 2884 ,et
993 2800 1029 2869 iu
1051 2823 1112 2871 eos
1138 2798 1201 2894 qui
1229 2798 1298 2868 do·

200 2908 288 2969 cent
301 2952 310 2984 ,
324 2922 430 2996 posse
448 2924 467 2968 a
487 2897 717 2970 Confessario
740 2898 882 2994 exquiri
907 2922 1041 2968 nomen
1071 2894 1263 2995 complicis
1281 2952 1293 2985 ‚

200 2997 313 3069 ettam
349 3020 415 3094 per
449 2994 689 3070 absolutionis
719 2994 999 3069 Sacramentalis
1032 3008 1294 3092 uagatronem,
1406 3059 1409 3064 ,

200 3095 231 3165 si
259 3095 418 3166 revelare
439 3107 582 3167 recuset
595 3106 603 3160 J
617 3094 732 3169 Num.
755 3092 828 3166 556
841 3097 875 3188 );
894 3109 930 3164 et
948 3094 1028 3165 atiae
1046 3094 1300 3180 encommuui·¹
1407 3177 1411 3186 Ι

203 3194 366 3266 cationes
383 3193 521 3278 obviae,
540 3218 621 3287 quae
642 3191 824 3266 observari
850 3209 1003 3288 possunt
1023 3194 1058 3263 in
1080 3206 1230 3266 tractatu
1246 3191 1295 3265 de

202 3294 379 3365 censuris.
417 3291 511 3362 Sciat
544 3290 589 3364 II.
626 3291 853 3389 distinguere
886 3307 1078 3387 peccatum
1109 3290 1296 3378 venialed

200 3389 373 3471 mortali,
394 3381 522 3472 saltem
536 3390 576 3460 in
597 3417 664 3463 suo
687 3415 844 3485 genere,
864 3416 937 3485 quo
961 3391 1206 3462 communiter
1229 3412 1297 3461 oc-

204 3510 351 3560 currere
362 3486 471 3575 sulet;
486 3505 520 3562 et
535 3486 582 3561 de
595 3488 814 3562 aliissaltiem
828 3487 1108 3574 dubitaresciat.
1120 3486 1181 3559 III.
1198 3489 1296 3561 Sciat

204 3573 540 3682 interrogationes,
568 3611 658 3688 quas
694 3588 812 3660 locere
841 3586 977 3668 debet,
1004 3588 1298 3659 circumstantias

201 3704 469 3783 peccatorum,
492 3684 620 3760 saltem
639 3688 797 3784 speciem
818 3700 1004 3757 mutantes
1025 3712 1032 3754 ε
1052 3684 1143 3784 quid
1158 3684 1296 3757 coristi·

201 3797 280 3856 tuat
298 3785 529 3856 occasionem
556 3792 780 3879 proximum,
796 3785 887 3883 quid
915 3782 1068 3856 inducat
1093 3785 1294 3856 restitutio·

201 3881 261 3957 nis
279 3880 540 3971 obligationem
558 3904 568 3969 ;
587 3888 671 3955 item
704 3883 827 3983 qualis
851 3908 929 3956 esse
959 3882 1090 3956 debeat
1118 3880 1295 3976 doloret

201 3986 464 4081 propositum,
491 3995 526 4054 et
553 3979 712 4079 denique
737 3980 896 4054 remedia
922 3979 971 4054 ad
998 3980 1294 4066 emendationem

202 4078 418 4156 efficaciora.
432 4080 484 4155 Et
498 4094 538 4170 ot
556 4080 730 4158 brevibus
755 4106 814 4156 me
833 4082 1051 4183 expediam,
1072 4078 1238 4173 affirmo,
1254 4080 1296 4170 iu
