2942 4717
261 261 326 333 268
535 276 539 283 '
582 265 727 335 Examen
747 263 1021 337 Ordinaadmam.

261 378 394 465 trium,
420 376 632 452 enercitium
658 405 879 467 usurarum,
906 395 1029 478 raptus
1055 370 1322 472 mulierum,'ot'

261 471 410 548 similia.
429 476 519 548 Haec
537 493 660 549 autem
676 478 941 578 irregularitas,
956 479 985 549 si
999 489 1054 549 est
1070 474 1174 559 facti,
1194 468 1323 548 t'ollttur

259 596 327 672 per
339 572 633 648 emendationem
643 630 653 666 ,
664 578 695 649 si
708 576 799 676 iaris
814 632 822 660 ,
836 602 901 674 per
914 575 1238 676 dispensationem,
1253 571 1324 644 vide

260 695 301 743 n.
323 673 406 764 364.
424 672 486 744 VI.
507 698 550 747 ex
569 676 703 772 injusta
722 674 975 759 mutilatione,
993 689 1029 746 et
1045 669 1146 745 tantb
1162 670 1267 768 magis
1283 691 1322 744 ex

259 765 461 843 homicidio
474 771 678 845 voluntario
690 830 698 855 ,
712 800 754 846 ex
769 798 850 872 cap.
866 773 902 845 Si
917 775 999 870 quis
1018 798 1049 845 r.
1063 771 1112 873 de
1122 771 1260 843 Homic.
1274 767 1322 842 En
1413 859 1414 862 Ἴ

130 863 136 877 ’
259 867 441 943 Clement.
459 897 522 945 un.
537 870 620 944 eod.
633 874 685 945 tit.
701 873 864 971 Haecque
876 869 1121 970 irregularitas
1134 867 1324 943 extenditur

260 969 371 1042 etiam
390 969 436 1042 ad
456 971 692 1056 mandantes,
714 971 966 1053 consulentes,
986 968 1164 1041 nataliter
1183 990 1325 1054 coneum

258 1082 400 1153 rentes,
416 1093 460 1142 ex
479 1069 740 1143 metaneam.
757 1068 849 1145 Dist.
868 1072 927 1144 50.
941 1067 1039 1143 Vide
1054 1066 1127 1139 alia
1139 1090 1247 1166 super
1261 1063 1327 1138 hoo

260 1178 402 1264 puncto
422 1193 458 1241 n.
478 1166 559 1242 365.
577 1184 711 1267 etseqa
1321 1184 1324 1187 ’

217 1286 253 1364 ⁸9
308 1264 594 1361 irregularitates
618 1281 742 1340 autem
770 1292 814 1340 ex
836 1264 972 1351 deflectu
992 1278 1081 1341 aunt
1108 1275 1218 1350 octo,
1236 1257 1264 1332 I..
1289 1276 1328 1334 er

261 1358 406 1435 defectu
426 1364 636 1451 anrinca,·ex
653 1391 728 1464 quo
749 1364 963 1463 irregulares
980 1377 1067 1436 sunt
1097 1388 1126 1439 r,
1151 1371 1328 1443 amentes„

258 1456 487 1559 phrenetici,
511 1477 547 1535 et
565 1463 765 1562 epileptici.
787 1490 821 1536 2.
838 1463 1027 1545 illiterati,
1047 1463 1146 1559 juxto
1169 1454 1331 1531 dictabis
1413 1505 1414 1546 3

259 1582 298 1628 n.
318 1558 382 1647 35,
403 1559 437 1634 3.
454 1561 659 1660 Neophyti,
680 1587 744 1634 sen
774 1578 937 1634 recenter
957 1557 1132 1632 conversi.
1150 1556 1197 1631 ΙΙ.
1213 1580 1254 1628 ex
1270 1552 1331 1626 de·

257 1654 355 1728 fectu
373 1659 546 1751 corporis,
568 1658 701 1758 nempe
716 1661 747 1737 si
766 1662 847 1757 quis
867 1659 977 1731 habet
991 1659 1116 1732 vitiom
1135 1711 1143 1742 ,
1164 1651 1263 1754 qnod
1280 1651 1333 1725 vel
1404 1676 1407 1681 ·

227 1790 230 1799 r
257 1754 413 1854 impedit
431 1783 639 1855 congruum
654 1744 865 1831 exercitium
881 1755 1050 1847 Ordinis,
1068 1753 1123 1848 vel
1138 1749 1332 1827 notabilem

193 1850 196 1857 ’
258 1852 364 1926 affert
377 1855 636 1930 indecentiam.
653 1860 708 1930 Ex
728 1858 844 1952 primo
863 1859 980 1957 eapite
996 1851 1238 1948 tirrpedt‘menti
1253 1864 1334 1923 sunt

258 1952 477 2050 irregulares
500 1956 615 2045 caeci,
643 1954 772 2038 surdi,
798 1959 891 2031 muti
909 2010 917 2040 ,
938 1968 1101 2028 carentes
1119 1975 1252 2032 mann,
1278 1963 1335 2020 aut

257 2047 379 2145 digitis
397 2051 594 2138 omnibus,
621 2070 683 2126 aut
700 2052 853 2152 pollice,
877 2052 934 2126 vel
951 2053 1085 2125 indice.
1101 2053 1157 2124 Ex
1176 2045 1337 2123 secundo

259 2162 380 2221 notem
411 2152 528 2250 capite
558 2150 788 2246 deformitatis
819 2164 906 2223 sunt
936 2148 1152 2246 irregulares
1180 2146 1216 2217 le
1246 2145 1344 2234 rosis
1413 2223 1414 2232 ¹

258 2263 420 2319 carentes
448 2275 564 2335 nasu,
584 2265 621 2321 et
646 2250 751 2323 aliter
777 2251 1001 2323 monstruosi
1023 2302 1031 2333 ,
1051 2260 1137 2346 puta
1164 2175 1337 2317 habentes

237 2392 238 2395 =
257 2343 406 2439 gibbam
430 2347 539 2421 valde
566 2373 743 2421 enormen
761 2374 770 2434 ;
794 2349 875 2420 vide
900 2374 936 2420 n.
955 2349 1026 2441 4ιο
1043 2360 1111 2418 ete.
1128 2343 1196 2418 Ill.
1215 2369 1259 2416 ex
1275 2341 1338 2414 de·

254 2444 353 2518 fectu
372 2448 558 2534 nataliam,
575 2472 618 2519 ex
635 2473 708 2544 qno
729 2461 817 2519 sunt
841 2444 1059 2543 irregulares
1074 2468 1206 2515 omnes
1225 2439 1339 2542 illegi-

254 2543 363 2626 timi;
390 2548 453 2640 qni
485 2560 607 2617 tamen
632 2544 995 2643 ,legitimantur,'.rel
1016 2568 1088 2653 per
1107 2541 1339 2640 subsequens

255 2642 554 2727 matrimonium,
577 2642 636 2715 vel
651 2646 652 2649 ’
665 2669 730 2741 per
748 2642 1011 2741 professionem
1031 2639 1264 2738 religiosam,
1286 2635 1340 2710 rel

255 2765 321 2838 per
339 2739 649 2835 dispensationem
665 2742 854 2816 Pontificis
868 2770 877 2812 t
890 2742 973 2814 ride
987 2735 1037 2813 ibi
1052 2766 1090 2813 n.
1104 2742 1175 2833 420
1190 2753 1261 2812 eto.
1277 2735 1343 2810 Ν.

231 2926 233 2931 Ι
254 2862 298 2909 ex
318 2837 463 2910 delectu
481 2841 616 2923 retritis,
637 2840 683 2911 de
709 2866 783 2937 quo
804 2840 886 2912 vide
904 2839 1000 2912 dicta
1021 2836 1084 2911 hic
1097 2862 1136 2910 n.
1149 2836 1199 2931 43
1218 2850 1256 2909 et
1272 2836 1341 2929 dd,

129 3016 131 3019 .
254 2932 303 3009 V,
322 2963 365 3008 ex
383 2936 528 3010 delectu
547 2937 782 3021 Sacramenti,
798 2937 931 3039 nempe
948 2963 991 3011 ex
1005 2934 1187 3036 bigamia:
1206 2933 1344 3009 dicitur

187 3068 198 3091 s
253 3031 477 3106 Sacramenti
494 3093 503 3122 ,
534 3035 682 3135 eoquod
708 3036 802 3108 ‘duas
831 3037 972 3110 ducens
1010 3060 1141 3108 uxores
1180 3045 1345 3133 nequeat

254 3129 340 3224 apte
364 3135 569 3228 significare
586 3137 761 3207 unionem
780 3136 917 3208 Christi
941 3159 1026 3208 cum
1040 3134 1237 3222 Ecclesia,
1259 3154 1342 3230 qoae

253 3231 325 3302 fuir
347 3234 453 3303 unica
482 3241 560 3331 ejus
588 3260 734 3332 sponsa.
767 3234 929 3331 Bigamia
956 3244 1077 3307 autem
1101 3231 1240 3331 triplex
1264 3243 1340 3320 est,
1437 3280 1438 3307 i

253 3354 335 3427 quae
351 3330 505 3428 impedit
522 3337 539 3402 ὲ
554 3334 788 3430 susceptione
804 3331 1007 3417 Ordianm,
1024 3329 1225 3404 sciliceta.
1249 3330 1343 3402 Vera

253 3427 404 3526 quandia
420 3432 505 3529 quis¹
521 3457 607 3503 cum
625 3430 769 3504 duabus
784 3429 988 3504 successive
1004 3454 1131 3502 verum
1152 3429 1342 3503 contraxit

249 3528 541 3601 matrimonium.
560 3555 592 3600 2.
609 3529 876 3625 Interpretott'vo
886 3555 899 3612 ,⁰
911 3526 1154 3628 quandoquis
1171 3527 1255 3599 sold
1273 3527 1343 3598 lic-
1437 3544 1438 3547 ’

250 3626 351 3697 tione
366 3626 638 3721 jociacenserur
654 3625 743 3697 duas
759 3626 1093 3715 subnascentes,
1110 3623 1244 3726 dequo
1261 3622 1343 3697 vide

251 3725 314 3796 cit.
332 3751 369 3796 n.
387 3725 457 3818 435
474 3742 543 3798 otc.
565 3727 601 3798 3.
620 3722 923 3813 St‘rrrilr'tndt'nort'a,
942 3750 1025 3825 quae
1042 3724 1280 3797 contrahitur
1299 3746 1342 3796 ex

251 3823 453 3894 attentione
473 3823 697 3896 matrimonii
716 3824 906 3921 (quamvis
932 3823 1111 3913 invalidi)
1136 3846 1245 3895 cum·
1263 3836 1345 3896 cor·

249 3939 379 4018 rupta,
397 3923 451 3992 vel
472 3951 559 3995 cum
574 3922 708 4017 vir'gine
721 3978 730 4011 ,
745 3937 971 4019 post-votum
983 3921 1148 3995 solemne
1161 3922 1343 3994 emissum

250 4017 290 4089 in
317 4018 528 4115 Rsligione,
557 4019 612 4091 vel
638 4034 721 4117 post
746 4023 1018 4119 susceptionem
1040 4021 1134 4094 sacri
1160 4019 1343 4102 Ordinis,

250 4114 333 4189 vide
359 4116 450 4193 ibid.
472 4121 538 4196 vl.
561 4145 603 4193 ea
620 4118 768 4196 delectu
785 4117 964 4218 instantiae,
984 4120 1029 4196 de
1053 4145 1127 4220 qua
1140 4116 1226 4195 tide
1245 4115 1350 4192 diota
