2942 4717
272 322 314 394 32
645 311 758 389 trans
774 319 980 390 confessarii.
1037 343 1039 346 ·
1061 357 1064 364 =

263 438 442 512 Sanctum
458 449 527 510 etc,
545 432 649 536 quod
663 437 829 512 excusari
844 463 919 510 non
940 450 1059 534 potest
1076 436 1095 509 h
1113 438 1282 523 mortali,
1305 437 1360 512 li·

194 593 196 597 .
267 550 326 632 cet
342 531 584 626 multirudes
603 534 701 618 clarit
717 563 795 609 non
811 534 1094 634 apprehendant
1116 539 1159 611 ht
1177 538 1270 629 tale;
1290 536 1358 615 sed

268 634 354 733 quia
365 650 420 708 est
433 632 609 725 dubium,
626 637 656 708 si
669 634 972 733 apprehendant,
991 663 1038 707 an
1054 662 1150 722 non,
1166 637 1379 736 investigo·-

190 779 192 786 ,
219 723 225 740 ”
266 746 327 805 tur
349 730 395 807 de
411 748 594 822 numero,
612 748 649 805 et
670 732 887 832 hujusmodi
906 731 1147 833 blasphemiae
1163 736 1358 835 accipian-

264 845 346 916 tur,
369 829 409 903 ht
427 848 514 905 sunt
540 857 663 904 coram
684 833 776 905 Deo.
806 832 839 916 3,
865 832 1090 933 Interroget,
1108 835 1138 907 si
1159 837 1379 934 postquhm·

265 928 464 1030 protulerit
484 930 735 1030 blasphemias
757 932 797 1003 in
820 932 957 1020 Deum,
978 932 1016 1006 in
1038 933 1209 1024 SanctoS,
1230 936 1358 1008 autin

266 1029 343 1102 dies
370 1055 509 1116 sacros,
528 1028 740 1115 immediati
761 1028 1011 1128 subjunxerit,
1037 1031 1073 1103 si
1091 1056 1154 1102 eos
1178 1058 1242 1129 ego
1252 1030 1358 1126 fici,

205 1131 208 1136 ’
266 1143 332 1202 aut
352 1144 502 1218 excepto
518 1129 609 1202 Deo.
627 1130 777 1202 Etenim
799 1128 882 1223 illos
909 1128 1041 1218 rudes,
1062 1130 1128 1229 qui
1154 1128 1289 1203 dicunt
1308 1131 1359 1203 itt

177 1269 201 1328 32
265 1229 378 1300 unico
392 1243 496 1317 actu,
513 1225 607 1322 hene
619 1229 724 1300 nota'l
737 1241 862 1302 auctor
876 1227 1166 1301 Instructionum
1181 1256 1247 1325 pro
1261 1230 1358 1301 Con-

264 1326 422 1402 fessariis
440 1330 621 1423 Pagorum
637 1326 748 1424 (Gap.
766 1326 788 1399 5
812 1354 848 1425 p.
873 1331 984 1420 141),
1002 1325 1133 1401 saltim
1152 1328 1316 1399 excusari
1334 1330 1356 1398 h

256 1427 383 1524 gravi,
400 1440 550 1525 propter
565 1426 829 1522 ignorantiam,
846 1421 936 1498 dum
954 1450 1030 1498 uon
1048 1425 1250 1508 intendunt
1265 1440 1356 1499 tunc

263 1523 533 1623 blasphemiam
551 1525 731 1622 prolerre;
745 1523 882 1597 etlicet
895 1525 935 1596 in
945 1525 1067 1623 Opere
1079 1523 1176 1618 (Lib.
1193 1526 1215 1599 3
1231 1552 1267 1596 n.
1287 1526 1357 1618 124
1377 1547 1382 1588 .·

262 1640 296 1696 v.
315 1624 383 1714 Sic,
395 1627 559 1722 quoqne)
572 1624 743 1710 dixerim,
763 1622 833 1694 tale
852 1622 1004 1710 effatum
1028 1649 1108 1696 csse
1123 1650 1244 1696 veram
1259 1622 1358 1702 blas·

263 1721 465 1821 phemiam,
479 1721 899 1820 quiaadblasphemiam
909 1748 984 1794 non
994 1721 1358 1819 requiriturintentio

262 1822 490 1914 execrandip
506 1820 571 1912 sed
593 1819 735 1895 ‘sufficit
753 1821 856 1921 quod
877 1821 1076 1919 propositio
1095 1822 1192 1894 sitin
1211 1823 1357 1904 Deum,

262 1935 327 1993 aut
340 1923 379 1994 in
388 1921 540 1993 Sanctus
553 1918 838 2003 contumeliosa,
852 1915 1097 1992 nihilominus
1114 1918 1247 1991 meliirs
1262 1918 1356 1992 mihi
1378 1966 1381 1971 -

261 2044 341 2094 rem
357 2018 612 2112 consideranti
640 2018 784 2090 videtur
808 2043 886 2090 esse
903 2015 1126 2114 probabile,
1150 2018 1246 2090 hanc
1275 2043 1355 2090 non

261 2113 1356 2217 esseblasphemiam,siquidemverusuniuscujusquepro·

289 2218 460 2292 nsitinnia¹
473 2240 604 2290 sensus
617 2213 674 2308 ,ab
696 2214 836 2304 ultimis
860 2212 979 2288 verhis
1006 2213 1234 2312 designatur,
1249 2212 1354 2290 undh

258 2241 356 2390 hene
373 2315 447 2406 dini
461 2311 591 2412 polest,
608 2313 798 2415 praeiatam
810 2313 1111 2413 propositionem,
1130 2312 1269 2410 integre
1287 2339 1354 2386 ac·

261 2428 429 2515 ceptam,
446 2439 521 2502 non
543 2415 743 2511 importare
761 2414 1039 2485 contumeliam.
1059 2410 1133 2485 Sed
1155 2410 1261 2485 aliter
1289 2411 1354 2488 di-

98 2543 110 2554 *
184 2528 187 2534 '
260 2513 441 2603 cendum,
469 2509 596 2603 siille,
617 2515 815 2611 postquam
842 2509 926 2585 vere
952 2510 1289 2602 execratuoluerit,
1309 2523 1356 2586 ut.

258 2612 358 2694 malo
375 2617 452 2717 jam
473 2625 611 2709 patrato
627 2612 861 2697 mederetur,
878 2599 1028 2697 diceret,
1050 2609 1085 2704 si
1098 2608 1265 2706 egofhct',
1282 2625 1353 2700 ete,

312 2737 372 2811 ap
398 2709 613 2784 Notandum
629 2714 662 2803 ,4
689 2709 811 2809 quod,
833 2711 918 2783 oum
936 2707 1047 2788 rudes
1062 2706 1219 2791 dicunt,
1236 2707 1353 2780 male·

162 2903 163 2906 Ἴ
257 2810 352 2884 'dicta
363 2805 411 2884 sit
420 2808 513 2903 fides
527 2824 607 2893 trra,
625 2805 938 2905 rulghmanoggtir
952 2803 1178 2890 insectetur,
1194 2831 1271 2879 non
1289 2833 1352 2881 ao-

258 2910 418 3008 cipiatur
442 2906 483 2981 irt
499 2905 750 3006 blasphemia,
775 2906 861 3004 quia
888 2930 965 2979 non
992 2903 1208 3001 intelligunt
1235 2901 1351 2979 fidem

255 3008 524 3091 Christianam,
553 3021 589 3079 et
604 3006 752 3079 nomine
772 3003 880 3076 Fidei
915 3018 1008 3080 otest
1023 3028 1174 3102 qnoque
1191 3002 1353 3104 intelligi

256 3107 349 3181 fides
369 3106 553 3195 humanat3
571 3104 677 3178 aliter
697 3119 819 3177 antem
836 3030 947 3175 dehet
962 3101 1137 3201 judicari,
1155 3104 1186 3175 ai
1204 3127 1354 3180 execra-

256 3221 387 3282 rentur
389 3204 506 3301 fidem
528 3214 714 3289 sanctam,
741 3200 964 3274 aut'Clrristr'.
977 3203 1033 3275 lu
1051 3199 1187 3299 pariter
1200 3226 1275 3272 non
1293 3214 1351 3275 est

244 3303 413 3380 >mortale
439 3300 659 3376 maledicere
683 3299 850 3386 Mortuis,
883 3300 1265 3374 nisinominarentur
1283 3301 1349 3375 au't

256 3402 552 3502 intelligerentur
576 3399 728 3501 praecisie
750 3403 768 3471 h
785 3398 993 3498 proferente
1010 3399 1151 3472 Animae
1164 3398 1350 3494 Purgato-

253 3503 325 3587 r'ii,
350 3501 409 3575 vel
440 3501 575 3576 Mortui
599 3500 638 3572 in
666 3498 836 3587 Christo,
859 3509 923 3571 aut
938 3498 1081 3572 Animae
1097 3498 1350 3574 Mortuerum.

254 3594 309 3678 De
329 3600 401 3674 hoc
419 3604 558 3695 puncto
573 3602 647 3698 jam
664 3600 703 3673 in
719 3600 840 3698 Opere
854 3595 960 3692 (Lib.
975 3594 996 3667 3
1010 3624 1048 3668 n.
1071 3594 1136 3668 130
1147 3605 1181 3687 ,)
1197 3594 1346 3672 locutus

247 3726 339 3780 sum
355 3727 362 3772 ε
378 3698 443 3772 sed
465 3701 550 3795 quia
575 3700 645 3770 hoc
667 3712 722 3772 est
767 3709 923 3769 unctum
943 3693 990 3767 ah
1017 3695 1096 3768 aliis
1119 3693 1347 3769 Auctoribus

254 3825 331 3876 uon
350 3798 574 3885 discussum,
589 3796 698 3869 relert
712 3724 809 3869 illud
824 3794 885 3868 hic
900 3793 947 3868 ad
962 3797 1141 3869 trutinum
1155 3817 1346 3881 revocare,

255 3913 298 3972 ut
314 3895 450 3971 clarihs
472 3897 640 3997 patefiat,
664 3909 779 3994 utque
802 3893 1002 3995 praesertim
1021 3892 1132 3965 alicui
1146 3893 1348 3989 Anonymo

253 3998 538 4092 respondeatur,
557 3994 620 4091 qui
639 3994 676 4066 in
695 3992 857 4093 quadam
873 4018 940 4067 sua
956 3992 1124 4093 Epistola
1138 3990 1230 4066 mihi
1249 4014 1349 4065 con·-

255 4089 428 4184 tradidit,
444 4094 565 4192 aliqua
587 4091 778 4191 objiciens.

302 4195 395 4274 Dico
410 4206 553 4287 autem,
571 4192 870 4278 meledictionem
884 4190 1104 4268 Morinorum
1121 4245 1131 4284 ,
1147 4214 1216 4297 per
1230 4214 1270 4268 se
1285 4188 1348 4269 lo-
