2942 4717
288 330 292 337 .
359 297 361 300 ’
414 279 477 350 Ἐκ
499 279 649 374 operibus
663 281 828 351 Benedicti
844 278 937 353 xlv.
1139 287 1225 355 -455

105 392 212 459 ‚ftium
231 389 394 459 nudorum
414 415 542 477 cursus,
559 410 590 460 et
606 389 719 467 luctae,
736 396 859 460 etiamsi
875 392 1222 480 longbcnnsuetudine
1250 422 1252 426 “

32 486 33 489 ’
129 477 347 563 introductu,
372 503 414 546 ne
438 478 665 570 permittantur
687 480 728 546 ab
746 481 933 571 Episcopis‚
965 496 1066 572 utque
1095 480 1221 568 legibus

57 580 60 588 “
106 560 203 635 ‚latis
249 564 457 633 robibeantnr
473 568 604 633 mandat
620 566 771 632 Pontifex
787 570 821 634 in
838 568 907 633 Enc
929 565 1008 632 ulica
1024 569 1065 634 ad
1082 569 1221 660 Episco-

128 670 190 740 pos
208 587 393 742 (lampaniae
416 653 533 721 NIHIL
549 651 781 721 PROFECTO
806 651 890 721 Bull.
906 590 1004 722 lom.
1021 656 1037 716 Ι
1052 676 1145 725 num.
1162 659 1216 726 60.

554 827 802 898 SPONSALIA.

164 1001 202 1070 st
218 1002 371 1072 alteruter
379 1027 419 1073 ex
428 1005 551 1096 sponsis
559 1025 592 1070 se
607 1003 648 1070 ad
664 999 742 1069 alias
757 1016 862 1094 partes
871 1003 1038 1070 transferat
1052 1004 1154 1072 inscio
1164 1002 1217 1072 al-

120 1102 215 1177 tero,
231 1092 453 1159 admonendus
465 1107 511 1158 est
520 1092 674 1182 Superior
685 1088 934 1176 ecclesiasticus,
950 1093 1007 1182 qui
1017 1109 1215 1195 tempusap-

63 1205 64 1208 ¹
117 1191 191 1243 tum
201 1180 340 1264 assignet
352 1179 542 1264 absenti,ut
551 1179 757 1280 redeat‚quo
768 1175 876 1267 elapso
884 1180 911 1244 si
922 1201 987 1244 non
1003 1196 1215 1269 pareat‚vrn·

120 1260 232 1331 culum
249 1264 446 1333 dissolvitur.
464 1267 542 1331 Inst.
560 1262 648 1330 Ecel.
668 1265 711 1329 Ab
729 1286 751 1328 n
769 1265 801 1330 5.
1050 1274 1053 1281 '
1101 1320 1104 1345 ,

162 1348 333 1440 Sponsalia
358 1352 398 1418 de
420 1354 530 1418 futuro
552 1352 632 1415 inita
654 1348 773 1440 absque
788 1352 957 1438 prasentia
980 1351 1115 1419 Parochi
1130 1398 1141 1437 ‚
1158 1348 1215 1418 vel

106 1434 240 1526 absque
254 1441 411 1530 scriptura
426 1437 533 1506 valere
545 1459 668 1589 semper
683 1438 912 1526 pronunciavit
927 1437 968 1504 S.
978 1439 1213 1526 congregatio,

108 1542 194 1588 cum
205 1525 436 1610 Tridentinrrm
453 1527 609 1592 tantinma
635 1519 984 1590 oleveritMctrimonia
1000 1514 1212 1591 clandestina.

117 1605 230 1677 Priora
244 1614 349 1682 verbs
375 1610 494 1678 onsalia
508 1612 604 1678 etibm
618 1632 684 1676 non
698 1612 802 1699 jurata
819 1609 915 1675 etibm
927 1613 996 1676 sine
1011 1609 1125 1700 copula
1135 1632 1215 1700 prae·
1232 1674 1234 1677 ,

116 1636 386 1766 valentsecuntlis
398 1695 617 1791 sponsalibus,
631 1698 727 1763 etiam
737 1696 867 1785 juratis,
885 1698 1022 1763 etetibm
1033 1720 1106 1764 cam
1116 1719 1215 1787 copu-

116 1776 168 1865 la,
185 1801 224 1850 ut
236 1807 277 1852 ex
294 1787 458 1853 communi
474 1786 549 1851 DD.
566 1784 672 1850 instit.
690 1780 812 1848 Eccles.
830 1785 873 1848 46
889 1806 923 1848 n.
938 1787 971 1850 8.

139 1869 332 1960 ¹sponsalia
344 1874 425 1939 inita
440 1873 553 1939 invitis
568 1868 773 1961 parentibus,
787 1870 1124 2022 quampuamjudicari
1141 1893 1212 1963 pos·

114 1956 181 2022 sint
191 1956 325 2043 valida,
340 1957 453 2026 illicita
464 1976 539 2025 sunt
555 1974 662 2024 tamen
671 2005 683 2044 ‚
701 1971 733 2022 et
749 1956 874 2022 detecto
910 1960 1028 2022 issensu
1039 1975 1212 2047 parentum

114 2042 198 2109 solvi
208 2046 611 2134 possunt‚etiamsi‘nrata
623 2044 706 2128 sint,
720 2042 809 2194 pund
821 2043 944 2109 invicte
955 2042 1071 2132 probat
1081 2043 1211 2112 Archie
1294 2090 1296 2095 ,

105 2131 268 2219 *piscopos
283 2133 489 2210 Rossanensis
505 2069 547 2199 l).
565 2132 725 2197 Muscettn
738 2152 756 2193 a
773 2130 817 2193 in>
827 2130 1057 2196 Dissertatione
1072 2127 1209 2218 legenda

103 2219 151 2280 in
166 2214 263 2283 Tum.
284 2221 299 2279 I
318 2218 464 2307 Operum
480 2215 570 2286 Zauli
587 2218 628 2283 ad
640 2216 767 2284 Statuta
783 2215 960 2282 Faventia.
978 2216 1049 2282 ibid
1068 2238 1103 2281 n.
1122 2216 1156 2282 d.

156 2301 328 2404 Sponsalia
350 2305 468 2459 absffine
486 2307 613 2375 interna
631 2300 798 2371 voluntate
823 2302 1003 2393 exequendi
1028 2304 1208 2405 promissa,

111 2386 250 2454 dubium
263 2407 309 2457 est
320 2413 360 2457 an
379 2417 399 2459 o
434 2395 543 2480 igent5
560 2406 606 2460 est
621 2404 1209 2479 tamengravepeecatnmsrcpromrt·
1316 2400 1320 2406 '

112 2487 191 2542 tere.
210 2476 295 2544 ibid.
315 2502 350 2545 ιι.
374 2482 426 2546 ι6.
895 2500 897 2503 ’
1038 2518 1042 2525 ·

156 2561 277 2629 Oscula
291 2565 333 2631 ob
342 2564 587 2633 delectationem
597 2560 775 2649 carnalem,
787 2577 819 2629 et
830 2560 1030 2642 sensualem,
1045 2566 1135 2655 juxta
1146 2576 1209 2630 ter·

111 2649 216 2715 minos
231 2650 466 2741 Propositionis
482 2657 536 2718 40.
553 2654 638 2719 inter
650 2652 817 2717 damnatas
832 2648 872 2714 ab
889 2648 1048 2716 Alexand.
1069 2650 1143 2717 Vll.
1164 2649 1207 2716 ob

111 2736 284 2823 paritatem
300 2741 434 2806 rationis
450 2761 555 2830 neque
565 2740 648 2805 inter
655 2758 788 2840 sponsos
796 2733 884 2800 licita
894 2753 980 2803 sunt.
999 2735 1078 2820 ibid·
1095 2759 1130 2802 ιι.
1152 2735 1205 2802 ι8.

153 2821 316 2913 Sponsus,
333 2828 389 2917 qui
399 2849 548 2918 sponsam
562 2826 692 2892 seduxit
701 2823 743 2888 ad
753 2820 922 2912 copulam,
933 2845 1001 2889 non
1015 2839 1120 2912 potest
1130 2838 1206 2924 'pu-

110 2908 174 2973 niri
191 2911 287 3000 poenai
302 2915 405 3002 stupri
422 2913 463 2980 ob
474 2911 607 3005 aliquod
617 2916 685 3001 jus,
702 2911 791 3001 quod
803 2907 901 2976 habet
917 2912 951 2974 in
966 2932 1082 3061 corpus
1097 2910 1204 2986 illius,

111 3008 196 3060 utex
216 2998 360 3086 Decretis
375 2998 408 3067 S.
427 3000 694 3087 Congregationis
702 2998 791 3087 apud
802 2996 1026 3083 Fagnanum.r
1053 2997 1085 3063 id
1100 3017 1135 3060 ιι.
1150 3018 1203 3085 ¹9·

152 3077 324 3151 Promissio
334 3087 374 3152 de
381 3088 529 3177 praesenti
538 3086 657 3178 absque
672 3084 840 3179 prasentia
848 3084 1002 3173 parochi,
1013 3098 1045 3150 et
1054 3085 1204 3168 testium,

110 3166 311 3257 aequaratec
321 3174 670 3246 rationematrimoniir
687 3193 792 3259 neque
801 3167 998 3261 sponsalium
1007 3215 1019 3258 ‚
1030 3186 1067 3238 ut
1076 3191 1116 3238 ex
1124 3167 1204 3260 plu-

108 3250 199 3320 ribus
209 3256 351 3322 Decretis
366 3257 400 3321 S.
419 3260 699 3343 congregationis.
716 3256 799 3319 ibid.
816 3279 853 3320 n.
870 3277 925 3323 ιι.

462 3458 466 3471 ·
544 3425 758 3501 SYNODUS.

107 3645 112 3649 -
152 3595 302 3689 Synodns
317 3601 578 3670 Dioecesananon
594 3602 771 3670 necessarib
779 3605 1006 3672 transmittitur
1021 3602 1063 3670 ad
1078 3625 1200 3671 sacram
1256 3600 1261 3613 '

111 3678 401 3778 Congregationem
415 3689 574 3777 Concilii,
592 3705 630 3757 ut
645 3690 739 3756 abea
755 3708 1020 3777 recognoscatur,
1036 3692 1200 3757 emende-

110 3782 184 3868 tur,
203 3791 235 3842 et
250 3775 458 3867 approbetur.
471 3779 520 3844 De
535 3778 657 3868 Synod.
677 3778 809 3845 Dioeces.
826 3775 849 3844 l.
869 3779 909 3846 13
921 3802 949 3844 e.
969 3777 988 3842 5
1009 3800 1044 3842 n.
1064 3778 1096 3842 6.
1115 3777 1200 3843 Nam

111 3857 235 3926 sixtina
250 3863 466 3951 Constitutio,
483 3887 554 3957 quae
569 3865 678 3931 afferri
694 3865 736 3931 ad
755 3866 790 3931 id
830 3883 932 3951 osset,
948 3862 1033 3930 nihil
1053 3886 1090 3930 ea
1107 3864 1147 3931 de
1162 3886 1199 3933 rc

110 3951 240 4032 statuit,
257 3951 325 4016 ni'si
335 3951 443 4040 qubad
467 3950 612 4019 Consilia
628 3888 856 4020 Prouincialia.

156 4029 410 4104 Constitutiones
422 4036 598 4128 Synodales
616 4039 723 4104 statim
743 4062 781 4104 ac
798 4035 1072 4130 promulgantur,
1095 4033 1199 4124 ligare

112 4116 254 4188 subditos
269 4124 450 4212 incipiunt,
475 4148 580 4216 neque
602 4124 752 4192 bimestre
776 4126 1010 4218 expectandum
1034 4140 1071 4190 ut
1091 4124 1131 4189 de
1146 4121 1198 4188 le-

112 4203 445 4301 sibastmpertalibus
467 4213 617 4287 edicitur.
637 4213 677 4283 t..
702 4214 803 4302 Leges
826 4215 1068 4301 sanctissima,
1090 4212 1131 4347 ξ.
1155 4210 1199 4277 da
