2942 4717
281 270 351 338 246
604 268 749 339 Examen
767 268 1045 341 ordinandorum.

281 385 352 457 u‘ae.
369 381 497 484 Neque
512 381 601 455 lruic
616 382 738 460 obstat
748 383 855 457 Bulla
869 383 956 457 Sixti
971 383 1021 455 V.
1040 380 1127 459 Cum
1138 401 1346 460 sacrosancta

218 531 223 541 ,
281 482 379 553 edita
395 482 454 554 dre
469 486 501 576 4.
520 483 605 555 Jau.
630 482 718 556 1588
734 537 745 569 ,
763 482 825 554 ubi
842 480 1049 558 beneficiati
1068 505 1142 554 non
1160 480 1345 560 deferente·

281 577 451 653 habitum
470 582 549 679 ipso
568 584 647 680 jure
668 577 905 654 declarantur
923 581 1048 680 privati
1064 579 1139 653 soie
1154 578 1345 655 beneficiis:
1439 669 1440 676 ἵ

280 702 369 751 nam
396 677 435 750 id
457 676 674 777 dispostum
695 673 764 751 suit
787 678 929 758 tantirm
950 706 1016 776 pro
1036 677 1138 755 Urbe
1160 679 1301 766 Romae,
1320 694 1351 755 et
1439 701 1440 720 ²

280 785 475 876 postquam
500 776 682 852 mandatis
700 776 771 851 sub
789 793 890 853 certo
913 781 1070 854 termino
1093 777 1162 880 ipsi
1182 803 1255 851 non
1275 778 1350 853 obe·
1414 827 1417 834 «
1439 825 1440 868 ἦ

282 873 416 948 dierint
430 874 478 970 (l.
495 874 571 948 611.
589 873 710 1048 815.ζ
1199 927 1201 930 -

239 972 275 1030 ⁸⁰
329 973 434 1045 Idem
448 1028 455 1056 ,
467 975 569 1073 quod
581 974 626 1048 de
637 975 683 1049 ha
714 978 783 1058 itu,
799 974 927 1050 dicunt
937 973 1071 1064 Sancb.
1085 976 1213 1075 Laym.
1227 972 1351 1060 Escob.

281 1083 316 1141 et
327 1071 387 1144 alii
405 1072 451 1144 de
465 1074 652 1163 Tomara,
664 1065 737 1147 sire
748 1100 893 1148 corona.
906 1074 981 1150 Atii
992 1088 1115 1148 tamen
1125 1130 1133 1158 ,
1145 1087 1189 1146 ut
1199 1073 1353 1170 Castrop·

279 1167 436 1266 Henriq.
455 1173 607 1276 Reuzius
625 1188 661 1244 ct
675 1175 707 1247 T
710 1172 809 1246 amb.
826 1200 911 1247 cum
936 1172 1155 1262 Marcbino‚
1179 1170 1353 1246 Clericum

280 1268 388 1341 etiam
408 1270 595 1360 iusseris,
616 1287 679 1344 aut
694 1272 956 1346 Beneficiatum
981 1273 1189 1346 Tonsor-am
1208 1295 1280 1342 non
1296 1269 1354 1341 de·
1380 1350 1384 1358 x

165 1419 166 1432 .
279 1364 458 1440 ferentem
471 1395 545 1440 non
562 1368 702 1442 audent¹
711 1369 888 1444 damnare
900 1369 947 1442 de
961 1369 1128 1458 mortali,
1148 1366 1217 1441 uisi
1230 1391 1356 1442 eamex

280 1481 498 1565 contemptu
513 1469 667 1540 omittat.
679 1467 861 1544 Caeterum
871 1467 1214 1548 bentaittacroix,
1225 1464 1357 1548 faciliiu

278 1564 507 1636 excusandos
523 1590 608 1652 eos,
662 1568 699 1638 ui
720 1565 925 1640 Tonsuram
941 1625 950 1651 ‚
969 1571 1082 1665 quam
1107 1566 1172 1663 qui
1199 1564 1357 1640 habitum

278 1686 356 1733 non
371 1660 541 1736 deferunt
558 1689 568 1744 ;
587 1593 685 1737 unde
702 1665 877 1767 praelatos
895 1672 1031 1739 Auctor
1049 1691 1118 1738 neo
1131 1662 1362 1739 Sacerdotem

280 1757 489 1833 Tonsuram
507 1789 573 1859 per
588 1763 623 1836 6.
640 1778 703 1835 aut
722 1766 757 1838 8.
773 1762 1034 1838 Hebdomadas
1052 1787 1128 1837 non
1142 1762 1362 1840 deferentem

281 1857 429 1932 damnat
446 1860 491 1932 de
506 1860 665 1934 mortali.
684 1869 744 1948 (11.
759 1864 877 1954 816).

239 1964 270 2019 ⁵¹
332 1958 523 2032 Privantor
541 1974 663 2033 autem
690 1960 895 2042 beneficiati
912 2015 922 2046 ,
942 1958 1038 2033 siniit
1052 1958 1160 2033 etiam
1175 1959 1232 2049 ii,-
1247 1957 1309 2057 qui
1327 1956 1363 2035 in

279 2056 394 2128 sacris
411 2073 494 2128 sunt
506 2059 692 2131 constituti
711 2058 878 2133 habitum
890 2084 966 2133 non
981 2057 1214 2152 deferentes,
1231 2055 1365 2155 privile·

279 2155 339 2251 gio
352 2158 424 2226 tam
441 2157 525 2228 Furi
540 2211 550 2244 ‚
565 2161 675 2255 quem
691 2158 874 2247 Canania,
890 2159 921 2231 ai
937 2171 1017 2256 post
1038 2156 1183 2229 tertiam
1199 2155 1366 2233 monitiot

277 2277 364 2324 nem
380 2252 487 2326 illum
504 2278 577 2326 noo
596 2270 848 2350 reassumam,
878 2282 921 2329 ex
936 2282 1015 2355 cap.
1031 2255 1228 2351 Contingit
1250 2255 1310 2348 45.
1323 2253 1364 2326 de

278 2350 377 2422 Sent.
392 2376 573 2425 excomm.
588 2354 649 2450 (n.
663 2354 747 2449 827.
758 2354 773 2446 )
785 2353 1009 2453 Simpliciter
1022 2369 1144 2428 autem
1160 2352 1366 2440 Tonsurati‚

278 2462 345 2523 aut
358 2448 490 2524 Clerici
508 2450 651 2524 tantbm
675 2449 721 2523 ad
738 2452 896 2525 Ordines
912 2453 1072 2525 minores
1085 2452 1254 2553 promoti
1273 2446 1369 2540 ‚ciue

277 2546 465 2622 Beneficio
479 2604 488 2637 ‚
504 2576 577 2621 nou
595 2565 749 2648 peccaut
763 2553 916 2645 graviter
930 2610 939 2637 ,
954 2548 1017 2623 sed
1038 2574 1114 2623 uon
1128 2550 1294 2649 gaudent
1308 2548 1371 2647 pri·

276 2644 409 2741 vilegio
422 2646 527 2732 Fori,
542 2649 571 2721 si
583 2665 665 2720 actu
681 2647 849 2721 habitum
861 2674 934 2720 non
949 2648 1140 2737 demant,
1156 2673 1229 2724 uec
1243 2647 1370 2723 Eccle-

277 2743 340 2817 aiae
357 2746 554 2819 inserviant
568 2801 578 2829 ,
592 2745 631 2822 iit
650 2745 807 2837 habetur
823 2748 862 2820 in
876 2747 981 2822 Trid.
994 2773 1080 2822 sess.
1094 2746 1153 2820 23.
1170 2774 1206 2822 o.
1222 2746 1259 2819 6.
1275 2748 1367 2820 Gau·

277 2838 467 2917 dentverb
494 2870 639 3014 semper
665 2851 707 2918 bc
732 2843 901 2917 habitum
925 2861 1183 2933 reassumam,
1203 2845 1277 2918 nisi
1301 2844 1368 2920 lroc

275 2939 412 3013 saciant
426 2944 465 3013 iu
479 2940 559 3014 lrau
588 2970 666 3032 em,
684 2958 772 3039 puta
787 2969 816 3014 ar
832 2943 970 3018 fuerint
982 2945 1020 3020 io
1034 2969 1183 3020 carcere
1196 2949 1274 3044 jam
1289 2969 1369 3017 cou-

276 3039 364 3138 jecti
383 3065 450 3137 pro
475 3041 729 3114 criminalibus
748 3098 757 3124 ,
775 3042 830 3116 vel
850 3048 924 3139 jam
951 3043 1052 3117 citati
1079 3045 1118 3115 in
1143 3043 1231 3116 foro
1250 3039 1368 3116 laicali

276 3162 346 3237 pro
361 3135 532 3212 civilibus
547 3141 623 3226 gott.
638 3166 679 3213 11.
694 3142 793 3235 827.)
808 3140 924 3215 Aliter
939 3155 1062 3217 tamen
1079 3141 1217 3216 dicunt
1232 3143 1311 3216 DD.
1326 3139 1368 3212 de

274 3234 467 3335 privilegio
480 3235 637 3310 Canonis
651 3244 665 3318 t
674 3237 816 3331 ib.)An
832 3255 954 3314 autem
975 3254 1126 3338 peccet,
1141 3242 1210 3339 qui
1226 3242 1371 3317 Tonsu·
1441 3265 1442 3270 ’

275 3358 358 3407 ram
370 3338 522 3434 suscipit
540 3336 587 3409 ad
601 3336 857 3435 accipiendum
877 3339 1124 3428 beneficium,
1148 3338 1236 3414 siud
1249 3339 1369 3410 animo

274 3433 519 3532 permanendi
542 3436 579 3507 in
604 3450 698 3507 statu
727 3433 928 3513 Clericali?
948 3436 1043 3509 Vide
1071 3463 1162 3533 opus
1200 3453 1370 3512 nostrum
1441 3487 1442 3506 i

274 3530 417 3607 morale
435 3548 443 3611 t
464 3530 491 3605 l.
509 3535 585 3626 411.
607 3535 687 3607 113.
702 3533 740 3628 ),
759 3534 821 3607 ubi
836 3535 971 3609 dicitur
983 3536 1190 3635 suscipiens
1207 3560 1373 3636 peccare,
1441 3585 1442 3596 .

275 3629 341 3705 aed
367 3629 607 3726 probabiliter
627 3632 769 3705 tantinn
789 3633 991 3706 venialiter.

325 3728 396 3802 Hic
413 3732 510 3827 iuvat
526 3746 718 3818 annotare,
733 3731 771 3804 id
788 3730 888 3830 quod
904 3746 1081 3805 statutum
1094 3728 1262 3807 babetur
1277 3753 1369 3805 anno

280 3829 384 3922 t7air.
406 3831 443 3899 iu
465 3828 697 3902 Concordato
715 3829 810 3903 inter
824 3845 989 3904 sanctam
1007 3830 1166 3919 sedem,
1200 3845 1240 3905 et
1260 3831 1371 3908 Caro·

274 3909 358 3998 lum
381 3923 433 3997 Ill
469 3925 601 4023 Regem
627 3922 835 4025 Regnorum
863 3929 1063 4024 Neapolis.
1096 3943 1132 4002 et
1158 3928 1372 4004 Siciliamm

276 4021 663 4110 circaOrdinationem
682 4027 1017 4125 promovendorum
1031 4027 1077 4100 ad
1089 4040 1234 4102 statum
1246 4026 1372 4101 Ecclu⁴

276 4119 477 4209 siasticum.
493 4123 528 4201 Ι.
545 4123 781 4231 Nuunopotrd
791 4125 948 4206 esserda
960 4151 1024 4205 ora
1034 4126 1193 4205 droam
1203 4150 1372 4233 promos-
