2942 4717
230 182 343 254 Sco*
417 189 566 282 Epitome
580 191 744 260 Doctrina
759 188 889 259 Moralis
904 208 936 260 et
951 191 1127 261 cononice
1171 226 1181 233 ··
1249 212 1306 243 ov*

272 293 430 385 Abbates,
446 299 587 376 Priores,
612 300 795 390 Praepositi‚
819 299 937 369 etalio
979 325 1158 394 uocumque
1182 308 1298 377 nomine

228 399 339 449 nuncu
363 385 438 470 ati3
467 383 652 454 cardinales
680 388 805 463 etilrm,
834 326 1298 481 spiritudlemrjurisdictionern

227 470 318 554 quasi
337 405 557 562 Episcopalem
575 474 609 538 in
624 473 814 540 monasteria
828 497 883 540 seu
897 473 1051 543 Ecclesias
1064 498 1136 545 cum
1152 479 1298 547 territorio

227 571 374 640 separato
387 555 562 644 habentes,
582 558 698 626 debent
714 563 820 649 jurare
843 569 877 625 in
894 560 1040 630 manibus
1063 560 1195 651 alicujus
1210 565 1299 653 Epis-

228 641 301 730 copi
317 663 371 707 seu
380 641 499 725 Nuncii
508 642 685 734 Apostolici
696 662 753 711 aut
767 646 899 733 Legati,
913 670 1023 714 eorum
1038 647 1170 717 arbitrio
1185 646 1298 736 eligen-

205 722 282 810 di,
298 747 332 792 se
346 729 528 797 visitaturos
551 753 638 797 sacra
661 729 822 819 liminari
847 730 1019 799 ostolorum
1042 732 1245 824 personaliter
1265 759 1300 802 ac

226 830 286 897 per
301 812 440 904 seipsos,
454 832 549 908 atque
560 817 707 900 Romano
723 755 871 885 Pontidci
881 817 1066 902 relationem
1075 819 1187 886 afferre
1196 818 1300 886 Eccle-

225 896 344 964 siarnm
359 923 499 967 suarum.
519 902 569 970 Ex
592 902 643 973 his
667 904 746 970 verb
785 906 817 970 ui
835 903 906 970 Itali
926 905 1047 972 suerint
1064 904 1119 970 vel
1134 905 1298 973 insularum

225 980 327 1052 Italiac
335 1033 348 1072 ,
361 990 456 1053 tertio
470 1010 597 1081 quaque
613 1003 720 1075 auno;
740 928 854 1081 rdliqui
867 992 944 1057 verb
960 993 1073 1092 quinto
1088 1015 1309 1083 quoqueanno

224 1069 245 1131 b
262 1069 316 1134 die
333 1088 433 1163 oaptae
447 1077 661 1164 possessionis.
676 1077 713 1143 ld
728 1077 807 1145 verb
819 1079 845 1144 si
863 1098 902 1142 ex
918 1075 1061 1165 legitimo
1078 1079 1307 1168 impedimento-

223 1174 291 1218 non
312 1160 434 1246 possint
451 1182 509 1249 per
523 1184 583 1248 se3
610 1164 761 1229 tenentur
812 1185 846 1229 er
871 1169 1002 1231 nuntios
1047 1168 1183 1230 raasta're.
1208 1164 1252 1229 lti
1267 1164 1307 1231 iu¹

223 1238 315 1306 bulla
333 1243 430 1394 qpod
452 1248 567 1313 Sancta
584 1270 619 1317 u·
636 1250 708 1315 vll.
724 1185 810 1316 Ball
827 1266 851 1317 t.
872 1270 901 1316 1.
914 1248 948 1325 Si
966 1186 1045 1316 verb
1065 1245 1298 1339 antb'publica-

222 1326 345 1395 tionem
379 1334 449 1421 ujus
461 1330 558 1399 Bullae
570 1335 700 1421 signatae
713 1358 791 1402 annr
810 1336 902 1421 1740.
919 1335 973 1402 die
988 1358 1075 1402 nono
1088 1333 1161 1401 Kal.-
1176 1336 1308 1403 Decem.¹

221 1417 450 1512 possessionem
464 1419 630 1521 pacificam
651 1419 778 1488 illarum
797 1419 1007 1499 Ecclesiarum
1022 1426 1085 1512 jam
1100 1420 1309 1504 habuissent,'

224 1502 309 1565 antrb
319 1523 440 1568 annum
455 1528 480 1569 sr
497 1507 617 1572 fuerint
633 1508 668 1572 in
684 1505 775 1572 ltalia
791 1523 822 1574 et
835 1505 962 1592 insulis,
973 1510 1055 1574 intel
1065 1507 1219 1573 biennum
1228 1506 1311 1573 verb

223 1585 250 1649 si
275 1590 384 1665 extri,
406 1590 425 1653 b
446 1589 499 1657 die
513 1588 584 1658 latae
604 1596 850 1660 constitutionis
863 1609 1012 1660 tenentur
1030 1616 1099 1660 eam
1117 1591 1310 1661 relationem.

218 1672 372 1759 .n1ittere;
390 1674 466 1742 dein
486 1676 620 1764 singulis
637 1680 784 1746 trienniis
802 1680 843 1746 ad
859 1676 975 1754 ‘limina
1001 1702 1033 1745 se
1056 1680 1212 1745 conferre.
1230 1679 1312 1744 Haec'

152 1796 156 1802 ·
224 1758 333 1824 omnia
348 1761 374 1825 si
389 1765 649 1851 praetermiserint
664 1767 734 1865 ipso
744 1767 829 1831 facto
845 1766 884 1830 ab
899 1766 1041 1852 ingressu
1051 1763 1199 1831 Ecclesia
1209 1767 1300 1830 iuter·

223 1842 347 1910 dictum
365 1863 397 1912 et
412 1845 452 1912 ab
471 1849 746 1917 administratione
760 1856 825 1917 tbm
840 1850 1053 1943 spiritualium
1066 1854 1163 1943 qubm
1180 1867 1310 1942 tempo-⁴

221 1926 337 1997 ralium
353 1937 590 2023 suspensionem
604 1938 773 2004 incurrunt
805 1954 873 2004 tum
890 1939 984 2003 etibm
1001 1938 1209 2039 perceptione
1224 1937 1312 2002 fruc·

221 2030 313 2082 tuum
321 2022 513 2107 privantur:
534 2024 589 2123 qui
605 2023 727 2090 fructus
739 1985 852 2091 cedant
868 2024 1028 2115 Episcopo
1042 2024 1195 2092 viciniori
1210 2023 1244 2089 iu
1258 2043 1310 2090 ste·

222 2119 292 2170 cros
307 2125 381 2171 usus
397 2110 465 2197 ejus
481 2107 614 2176 arbitrio
628 2111 795 2199 erogandi.
810 2110 891 2178 ibid.
910 2132 945 2177 n.
956 2128 995 2201 ’9.
1307 2129 1311 2149 ’·

613 2278 754 2350 ACTUS
776 2281 905 2362 Flnnl.

230 2411 237 2431 κ’
263 2447 460 2517 consudet
484 2474 551 2518 non
575 2452 670 2522 debet
688 2477 757 2522 com
782 2453 958 2521 rebendere
975 2454 1101 2520 tantum
1126 2454 1163 2519 in
1189 2472 1316 2541 genere⁸

267 2533 379 2625 idquid
397 2537 476 2604 fides
499 2539 598 2607 dictat
638 2540 693 2607 sed
717 2476 835 2607 delent
861 2543 957 2607 etiam
980 2539 1067 2607 credi
1091 2539 1244 2632 expliciti
1266 2561 1301 2606 ea

255 2623 391 2705 ystoria,
415 2645 486 2715 quae
500 2626 574 2693 sciri
593 2588 726 2701 debent.
749 2626 853 2695 instit.
879 2624 998 2694 Eccles.
1024 2647 1078 2717 pa.

622 2797 899 2868 snvocsaus.
967 2900 969 2905 ‚

260 2962 426 3059 Rescripta
436 3015 447 3054 ‚
457 2986 489 3036 et
504 2971 619 3038 Brevia
635 2992 695 3061 pro
711 2973 888 3039 exercendo
900 2971 1057 3040 Advocati
1076 2994 1211 3040 munere
1226 2972 1301 3039 Mo-

215 3051 329 3119 nachis
339 3101 352 3138 ,
361 3058 465 3123 xettbm
480 3055 652 3124 Canonicis
664 3056 897 3144 Regularibus‚
910 3062 1089 3149 numqubm
1109 3060 1301 3124 concedun-

217 3153 288 3222 tur,
299 3141 385 3228 quod
400 3142 563 3209 conforme
579 3159 624 3210 est
638 3142 782 3231 Canoni,
792 3145 850 3211 Ex
855 3157 1018 3234 portatus.
1033 3132 1300 3234 Depostulando.

215 3221 268 3288 De
282 3223 361 3310 Syn.
380 3228 481 3294 Dioec.
495 3227 519 3295 l.
540 3229 577 3294 13
591 3253 619 3294 c.
637 3252 675 3317 ¹9
694 3252 727 3295 n.
751 3254 790 3296 12
808 3254 886 3296 nov.
904 3231 983 3296 edit.

200 3315 202 3319 ’
259 3308 467 3379 Saecularibus
476 3315 554 3391 verb
563 3314 713 3401 clericis,
732 3319 828 3383 etiam
845 3316 1065 3401 Beneficiatis,
1081 3331 1152 3382 tum
1163 3332 1197 3383 et
1208 3315 1302 3382 sacris

215 3392 396 3463 Ordinibus
413 3401 535 3466 initatis
555 3402 742 3469 conceditur
752 3418 815 3488 ‚ut
827 3404 1063 3485 advocaturam
1079 3419 1250 3469 exerceant
1267 3402 1301 3466 in

214 3479 444 3552 Tribunalibus
465 3484 701 3566 ecclesiasticis,
719 3491 754 3554 in
779 3477 968 3574 laicalibus,
994 3504 1026 3554 ct
1052 3511 1157 3554 coram
1187 3488 1301 3555 ludica

214 3566 357 3637 seculari
383 3593 455 3636 cum
472 3577 615 3660 agitatur
631 3596 722 3639 causa
741 3577 873 3666 propria
889 3576 1056 3665 ipsorum,
1074 3571 1127 3641 vel
1152 3572 1302 3639 Ecclesiae

213 3675 297 3741 suae,
313 3654 367 3722 vel
388 3658 616 3725 miserabilium
661 3683 856 3727 versonarum.
874 3661 1076 3752 Quamquam
1093 3660 1128 3725 in
1145 3659 1301 3726 Brevibus

212 3735 313 3807 libers
333 3745 521 3812 conceditur
529 3683 691 3812 Sacerddti
706 3744 848 3812 saeculnri
859 3748 993 3838 pauperi
1004 3794 1015 3831 ,
1025 3762 1062 3811 ut
1076 3743 1177 3811 liberie
1194 3767 1301 3811 causas

213 3823 324 3893 civiles
329 3845 382 3914 ,et
397 3828 575 3899 criminales
589 3847 677 3919 agat,
688 3833 863 3899 dummodo
877 3835 909 3898 in
922 3829 1139 3899 criminalibus
1152 3846 1302 3897 tanturn«

211 3912 310 3978 modb
319 3915 713 4010 reispatrocinetur3quin
724 3935 756 3985 et
766 3920 888 3985 tamdiu
899 3941 1015 3987 munus
1025 3915 1107 3984 illud
1116 3916 1301 3984 exercereei

210 3999 430 4087 permittitur,
449 4003 552 4070 donec
571 4022 672 4070 certos
688 4003 912 4073 ecclesiasticos
931 4006 1051 4072 reditus
1068 4005 1107 4069 ad
1125 4024 1315 4089 congruam*

212 4087 473 4157 sustentationem
494 4087 704 4178 sufficientes,
723 4089 778 4157 vel
797 4092 993 4157 Beneficium
1013 4088 1217 4156 residentiale
1235 4087 1318 4156 obu-

211 4168 327 4263 tineat.
352 4170 402 4243 De
417 4172 541 4262 Synod.
558 4177 696 4264 Dioeces.
713 4175 844 4282 leit·
864 4194 953 4264 1911·
973 4197 1025 4249 η.
1042 4198 1120 4248 nov.
1136 4175 1218 4285 edit.
