<?xml version="1.0" encoding="UTF-8"?>
<!DOCTYPE html PUBLIC "-//W3C//DTD XHTML 1.0 Transitional//EN"
    "http://www.w3.org/TR/xhtml1/DTD/xhtml1-transitional.dtd">
<html xmlns="http://www.w3.org/1999/xhtml" xml:lang="en" lang="en">
 <head>
  <title>
</title>
<meta http-equiv="Content-Type" content="text/html;charset=utf-8" />
  <meta name='ocr-system' content='tesseract 3.04.00' />
  <meta name='ocr-capabilities' content='ocr_page ocr_carea ocr_par ocr_line ocrx_word'/>
</head>
<body>
  <div class='ocr_page' id='page_1' title='image "./theologiamorali02mansgoog_0167.png"; bbox 0 0 2942 4717; ppageno 0'>
   <div class='ocr_carea' id='block_1_1' title="bbox 105 216 1188 439">
    <p class='ocr_par' dir='ltr' id='par_1_1' title="bbox 105 216 1188 439">
     <span class='ocr_line' id='line_1_1' title="bbox 218 216 1188 321; baseline -0.009 -24"><span class='ocrx_word' id='word_1_1' title='bbox 218 225 322 321; x_wconf 79' lang='lat' dir='ltr'><strong>Capit.</strong></span> <span class='ocrx_word' id='word_1_2' title='bbox 336 226 395 296; x_wconf 80' lang='lat' dir='ltr'><strong>tx.</strong></span> <span class='ocrx_word' id='word_1_3' title='bbox 412 224 506 318; x_wconf 79' lang='lat' dir='ltr'><strong>§lV.</strong></span> <span class='ocrx_word' id='word_1_4' title='bbox 523 226 575 296; x_wconf 84' lang='lat' dir='ltr'><strong>De</strong></span> <span class='ocrx_word' id='word_1_5' title='bbox 594 223 773 319; x_wconf 67' lang='lat' dir='ltr'><strong>frequentia</strong></span> <span class='ocrx_word' id='word_1_6' title='bbox 791 221 1079 295; x_wconf 70' lang='lat' dir='ltr'><strong>sacramentorum.</strong></span> <span class='ocrx_word' id='word_1_7' title='bbox 1126 216 1188 288; x_wconf 77' lang='lat'><strong>155</strong></span> 
     </span>
     <span class='ocr_line' id='line_1_2' title="bbox 105 336 1188 439; baseline -0.001 -28"><span class='ocrx_word' id='word_1_8' title='bbox 105 337 291 439; x_wconf 53' lang='lat' dir='ltr'><strong>&#39;grauiores</strong></span> <span class='ocrx_word' id='word_1_9' title='bbox 306 344 508 432; x_wconf 74' lang='lat' dir='ltr'><strong>tinctores(</strong></span> <span class='ocrx_word' id='word_1_10' title='bbox 528 341 625 415; x_wconf 88' lang='lat' dir='ltr'><strong>lbid.</strong></span> <span class='ocrx_word' id='word_1_11' title='bbox 648 368 687 413; x_wconf 87' lang='lat' dir='ltr'><strong>n.</strong></span> <span class='ocrx_word' id='word_1_12' title='bbox 714 339 792 439; x_wconf 99' lang='grc'><strong>169</strong></span> <span class='ocrx_word' id='word_1_13' title='bbox 814 339 886 413; x_wconf 80' lang='lat' dir='ltr'><strong>Eff.</strong></span> <span class='ocrx_word' id='word_1_14' title='bbox 904 339 950 414; x_wconf 90' lang='lat' dir='ltr'><strong>Il.</strong></span> <span class='ocrx_word' id='word_1_15' title='bbox 967 351 981 434; x_wconf 91' lang='lat'>)</span> <span class='ocrx_word' id='word_1_16' title='bbox 999 391 1009 426; x_wconf 93' lang='lat'><strong>,</strong></span> <span class='ocrx_word' id='word_1_17' title='bbox 1029 337 1100 410; x_wconf 85' lang='lat' dir='ltr'><strong>lroc</strong></span> <span class='ocrx_word' id='word_1_18' title='bbox 1119 336 1188 410; x_wconf 83' lang='lat' dir='ltr'><strong>Sa·</strong></span> 
     </span>
    </p>
   </div>
   <div class='ocr_carea' id='block_1_2' title="bbox 35 437 1249 3783">
    <p class='ocr_par' dir='ltr' id='par_1_2' title="bbox 119 437 1203 1702">
     <span class='ocr_line' id='line_1_3' title="bbox 125 437 1203 539; baseline 0.003 -30"><span class='ocrx_word' id='word_1_19' title='bbox 125 454 339 511; x_wconf 72' lang='lat' dir='ltr'><strong>crumentum</strong></span> <span class='ocrx_word' id='word_1_20' title='bbox 355 465 398 512; x_wconf 83' lang='lat' dir='ltr'><strong>ex</strong></span> <span class='ocrx_word' id='word_1_21' title='bbox 414 465 515 537; x_wconf 83' lang='lat' dir='ltr'><strong>opere</strong></span> <span class='ocrx_word' id='word_1_22' title='bbox 531 454 673 539; x_wconf 78' lang='lat' dir='ltr'><strong>operato</strong></span> <span class='ocrx_word' id='word_1_23' title='bbox 689 445 874 512; x_wconf 71' lang='lat' dir='ltr'><strong>remittere</strong></span> <span class='ocrx_word' id='word_1_24' title='bbox 894 452 1040 534; x_wconf 88' lang='lat' dir='ltr'><strong>peccata</strong></span> <span class='ocrx_word' id='word_1_25' title='bbox 1058 437 1203 512; x_wconf 85' lang='lat' dir='ltr'><strong>renia·.</strong></span> 
     </span>
     <span class='ocr_line' id='line_1_4' title="bbox 126 535 1188 637; baseline -0.002 -30"><span class='ocrx_word' id='word_1_26' title='bbox 126 535 192 618; x_wconf 85' lang='lat' dir='ltr'><strong>lia,</strong></span> <span class='ocrx_word' id='word_1_27' title='bbox 217 537 262 609; x_wconf 91' lang='lat' dir='ltr'><strong>de</strong></span> <span class='ocrx_word' id='word_1_28' title='bbox 286 537 421 636; x_wconf 87' lang='lat' dir='ltr'><strong>quibus</strong></span> <span class='ocrx_word' id='word_1_29' title='bbox 441 541 560 610; x_wconf 84' lang='lat' dir='ltr'><strong>anima</strong></span> <span class='ocrx_word' id='word_1_30' title='bbox 582 536 762 611; x_wconf 79' lang='lat' dir='ltr'><strong>actualem</strong></span> <span class='ocrx_word' id='word_1_31' title='bbox 788 535 1088 637; x_wconf 80' lang='lat' dir='ltr'><strong>complacentiam</strong></span> <span class='ocrx_word' id='word_1_32' title='bbox 1109 555 1188 606; x_wconf 89' lang='lat' dir='ltr'><strong>non</strong></span> 
     </span>
     <span class='ocr_line' id='line_1_5' title="bbox 126 632 1190 734; baseline -0.003 -29"><span class='ocrx_word' id='word_1_33' title='bbox 126 632 265 721; x_wconf 80' lang='lat' dir='ltr'><strong>lrabeat3</strong></span> <span class='ocrx_word' id='word_1_34' title='bbox 285 652 393 734; x_wconf 89' lang='lat' dir='ltr'><strong>atque</strong></span> <span class='ocrx_word' id='word_1_35' title='bbox 411 635 481 708; x_wconf 87' lang='lat' dir='ltr'><strong>hoc</strong></span> <span class='ocrx_word' id='word_1_36' title='bbox 498 635 700 709; x_wconf 88' lang='lat' dir='ltr'><strong>concordat</strong></span> <span class='ocrx_word' id='word_1_37' title='bbox 714 660 800 708; x_wconf 90' lang='lat' dir='ltr'><strong>cum</strong></span> <span class='ocrx_word' id='word_1_38' title='bbox 817 661 861 707; x_wconf 91' lang='lat' dir='ltr'><strong>eo</strong></span> <span class='ocrx_word' id='word_1_39' title='bbox 879 689 888 721; x_wconf 88' lang='lat'><strong>,</strong></span> <span class='ocrx_word' id='word_1_40' title='bbox 906 635 1008 734; x_wconf 89' lang='lat' dir='ltr'><strong>quod</strong></span> <span class='ocrx_word' id='word_1_41' title='bbox 1023 636 1072 705; x_wconf 90' lang='lat' dir='ltr'><strong>ait</strong></span> <span class='ocrx_word' id='word_1_42' title='bbox 1085 633 1190 706; x_wconf 89' lang='lat' dir='ltr'><strong>Cate-</strong></span> 
     </span>
     <span class='ocr_line' id='line_1_6' title="bbox 124 712 1196 830; baseline -0.004 -27"><span class='ocrx_word' id='word_1_43' title='bbox 124 733 272 805; x_wconf 82' lang='lat' dir='ltr'><strong>chismuo</strong></span> <span class='ocrx_word' id='word_1_44' title='bbox 294 735 505 824; x_wconf 83' lang='lat' dir='ltr'><strong>Romanus(</strong></span> <span class='ocrx_word' id='word_1_45' title='bbox 522 736 575 809; x_wconf 89' lang='lat' dir='ltr'><strong>De</strong></span> <span class='ocrx_word' id='word_1_46' title='bbox 590 733 753 807; x_wconf 86' lang='lat' dir='ltr'><strong>Euehar.</strong></span> <span class='ocrx_word' id='word_1_47' title='bbox 773 760 806 830; x_wconf 89' lang='lat' dir='ltr'><strong>p.</strong></span> <span class='ocrx_word' id='word_1_48' title='bbox 830 757 849 804; x_wconf 82' lang='lat' dir='ltr'><strong>a</strong></span> <span class='ocrx_word' id='word_1_49' title='bbox 869 758 906 806; x_wconf 89' lang='lat' dir='ltr'><strong>n.</strong></span> <span class='ocrx_word' id='word_1_50' title='bbox 925 732 1000 828; x_wconf 85' lang='lat'><strong>52)</strong></span> <span class='ocrx_word' id='word_1_51' title='bbox 1018 760 1027 802; x_wconf 75' lang='grc' dir='ltr'><strong>ε</strong></span> <span class='ocrx_word' id='word_1_52' title='bbox 1045 712 1196 804; x_wconf 77' lang='lat' dir='ltr'><strong>Hemttti</strong></span> 
     </span>
     <span class='ocr_line' id='line_1_7' title="bbox 124 825 1190 929; baseline -0.001 -30"><span class='ocrx_word' id='word_1_53' title='bbox 124 835 190 901; x_wconf 73' lang='lat' dir='ltr'><strong>reri</strong></span> <span class='ocrx_word' id='word_1_54' title='bbox 212 829 464 921; x_wconf 71' lang='lat' dir='ltr'><strong>Euctantu‘t,</strong></span> <span class='ocrx_word' id='word_1_55' title='bbox 484 847 519 904; x_wconf 84' lang='lat' dir='ltr'><strong>et</strong></span> <span class='ocrx_word' id='word_1_56' title='bbox 544 830 739 904; x_wconf 80' lang='lat' dir='ltr'><strong>condonari</strong></span> <span class='ocrx_word' id='word_1_57' title='bbox 755 831 910 920; x_wconf 72' lang='lat' dir='ltr'><strong>leviora,</strong></span> <span class='ocrx_word' id='word_1_58' title='bbox 936 855 1012 929; x_wconf 75' lang='lat' dir='ltr'><strong>qum</strong></span> <span class='ocrx_word' id='word_1_59' title='bbox 1039 825 1190 901; x_wconf 65' lang='lat' dir='ltr'><strong>ventult‘te</strong></span> 
     </span>
     <span class='ocr_line' id='line_1_8' title="bbox 123 921 1191 1028; baseline -0.003 -30"><span class='ocrx_word' id='word_1_60' title='bbox 123 926 180 998; x_wconf 72' lang='lat' dir='ltr'><strong>tta·</strong></span> <span class='ocrx_word' id='word_1_61' title='bbox 197 929 337 1019; x_wconf 81' lang='lat' dir='ltr'><strong>solent,</strong></span> <span class='ocrx_word' id='word_1_62' title='bbox 362 954 435 1001; x_wconf 88' lang='lat' dir='ltr'><strong>rrorr</strong></span> <span class='ocrx_word' id='word_1_63' title='bbox 462 945 537 1020; x_wconf 86' lang='lat' dir='ltr'><strong>est,</strong></span> <span class='ocrx_word' id='word_1_64' title='bbox 565 929 661 1028; x_wconf 82' lang='lat' dir='ltr'><strong>quod</strong></span> <span class='ocrx_word' id='word_1_65' title='bbox 679 925 832 1000; x_wconf 81' lang='lat' dir='ltr'><strong>dubr&#39;tort&#39;</strong></span> <span class='ocrx_word' id='word_1_66' title='bbox 849 926 999 1011; x_wconf 54' lang='lat' dir='ltr'><strong>debean·</strong></span> <span class='ocrx_word' id='word_1_67' title='bbox 1025 921 1191 1024; x_wconf 77' lang='lat' dir='ltr'><strong>quidquid</strong></span> 
     </span>
     <span class='ocr_line' id='line_1_9' title="bbox 126 1020 1192 1123; baseline -0.001 -28"><span class='ocrx_word' id='word_1_68' title='bbox 126 1024 200 1095; x_wconf 84' lang='lat' dir='ltr'><strong>euim</strong></span> <span class='ocrx_word' id='word_1_69' title='bbox 215 1026 412 1123; x_wconf 80' lang='lat' dir='ltr'><strong>cupiditatis</strong></span> <span class='ocrx_word' id='word_1_70' title='bbox 429 1031 553 1100; x_wconf 83' lang='lat' dir='ltr'><strong>ardore</strong></span> <span class='ocrx_word' id='word_1_71' title='bbox 572 1026 693 1100; x_wconf 82' lang='lat' dir='ltr'><strong>animo</strong></span> <span class='ocrx_word' id='word_1_72' title='bbox 712 1025 851 1114; x_wconf 83' lang='lat' dir='ltr'><strong>omt&#39;st&#39;t,</strong></span> <span class='ocrx_word' id='word_1_73' title='bbox 869 1039 976 1099; x_wconf 85' lang='lat' dir='ltr'><strong>totum</strong></span> <span class='ocrx_word' id='word_1_74' title='bbox 996 1020 1192 1096; x_wconf 68' lang='lat' dir='ltr'><strong>Eucherii·</strong></span> 
     </span>
     <span class='ocr_line' id='line_1_10' title="bbox 125 1119 1192 1223; baseline -0.001 -30"><span class='ocrx_word' id='word_1_75' title='bbox 125 1126 184 1212; x_wconf 81' lang='lat' dir='ltr'><strong>tic,</strong></span> <span class='ocrx_word' id='word_1_76' title='bbox 204 1148 267 1195; x_wconf 82' lang='lat' dir='ltr'><strong>eus</strong></span> <span class='ocrx_word' id='word_1_77' title='bbox 288 1126 440 1197; x_wconf 83' lang='lat' dir='ltr'><strong>minores</strong></span> <span class='ocrx_word' id='word_1_78' title='bbox 462 1126 583 1223; x_wconf 69' lang='lat' dir='ltr'><strong>culpas</strong></span> <span class='ocrx_word' id='word_1_79' title='bbox 600 1123 828 1222; x_wconf 82' lang='lat' dir='ltr'><strong>abstergens,</strong></span> <span class='ocrx_word' id='word_1_80' title='bbox 846 1122 1003 1197; x_wconf 77' lang='lat' dir='ltr'><strong>restituit.</strong></span> <span class='ocrx_word' id='word_1_81' title='bbox 1021 1119 1156 1195; x_wconf 73' lang='lat' dir='ltr'><strong>Saltim</strong></span> <span class='ocrx_word' id='word_1_82' title='bbox 1178 1171 1192 1210; x_wconf 94' lang='lat'><strong>,</strong></span> 
     </span>
     <span class='ocr_line' id='line_1_11' title="bbox 122 1217 1191 1322; baseline 0.003 -32"><span class='ocrx_word' id='word_1_83' title='bbox 122 1217 428 1321; x_wconf 81' lang='lat' dir='ltr'><strong>itaitAngelicus</strong></span> <span class='ocrx_word' id='word_1_84' title='bbox 442 1224 514 1320; x_wconf 91' lang='lat' dir='ltr'><strong>(D.</strong></span> <span class='ocrx_word' id='word_1_85' title='bbox 531 1223 602 1298; x_wconf 92' lang='lat' dir='ltr'><strong>Th.</strong></span> <span class='ocrx_word' id='word_1_86' title='bbox 619 1222 691 1322; x_wconf 78' lang='lat' dir='ltr'><strong>3P·</strong></span> <span class='ocrx_word' id='word_1_87' title='bbox 711 1247 774 1321; x_wconf 88' lang='lat' dir='ltr'><strong>qu.</strong></span> <span class='ocrx_word' id='word_1_88' title='bbox 790 1245 836 1320; x_wconf 86' lang='lat'><strong>79</strong></span> <span class='ocrx_word' id='word_1_89' title='bbox 849 1223 940 1315; x_wconf 74' lang='lat' dir='ltr'><strong>artd</strong></span> <span class='ocrx_word' id='word_1_90' title='bbox 957 1228 1072 1316; x_wconf 17' lang='lat' dir='ltr'><strong>&gt;lcum</strong></span> <span class='ocrx_word' id='word_1_91' title='bbox 1088 1244 1191 1293; x_wconf 84' lang='lat' dir='ltr'><strong>corn·</strong></span> 
     </span>
     <span class='ocr_line' id='line_1_12' title="bbox 120 1318 1194 1422; baseline 0 -32"><span class='ocrx_word' id='word_1_92' title='bbox 120 1321 236 1406; x_wconf 85' lang='lat' dir='ltr'><strong>muni,</strong></span> <span class='ocrx_word' id='word_1_93' title='bbox 261 1323 438 1395; x_wconf 81' lang='lat' dir='ltr'><strong>excitatur</strong></span> <span class='ocrx_word' id='word_1_94' title='bbox 452 1347 520 1422; x_wconf 87' lang='lat' dir='ltr'><strong>per</strong></span> <span class='ocrx_word' id='word_1_95' title='bbox 538 1324 846 1395; x_wconf 77' lang='lat' dir='ltr'><strong>communionem</strong></span> <span class='ocrx_word' id='word_1_96' title='bbox 862 1335 962 1393; x_wconf 81' lang='lat' dir='ltr'><strong>actus</strong></span> <span class='ocrx_word' id='word_1_97' title='bbox 982 1318 1194 1402; x_wconf 70' lang='lat' dir='ltr'><strong>charitatis,</strong></span> 
     </span>
     <span class='ocr_line' id='line_1_13' title="bbox 120 1415 1198 1533; baseline 0.002 -46"><span class='ocrx_word' id='word_1_98' title='bbox 120 1441 184 1512; x_wconf 89' lang='lat' dir='ltr'><strong>quo</strong></span> <span class='ocrx_word' id='word_1_99' title='bbox 198 1415 285 1492; x_wconf 70' lang='lat' dir='ltr'><strong>iudi</strong></span> <span class='ocrx_word' id='word_1_100' title='bbox 303 1436 449 1533; x_wconf 83' lang='lat' dir='ltr'><strong>peccata</strong></span> <span class='ocrx_word' id='word_1_101' title='bbox 469 1421 706 1494; x_wconf 87' lang='lat' dir='ltr'><strong>remittuntur</strong></span> <span class='ocrx_word' id='word_1_102' title='bbox 723 1447 730 1489; x_wconf 94' lang='lat'><strong>:</strong></span> <span class='ocrx_word' id='word_1_103' title='bbox 750 1418 822 1519; x_wconf 77' lang='lat' dir='ltr'><strong>Qui</strong></span> <span class='ocrx_word' id='word_1_104' title='bbox 832 1424 847 1510; x_wconf 87' lang='grc'>(</span> <span class='ocrx_word' id='word_1_105' title='bbox 863 1431 964 1491; x_wconf 83' lang='lat' dir='ltr'><strong>actos</strong></span> <span class='ocrx_word' id='word_1_106' title='bbox 979 1416 1198 1511; x_wconf 74' lang='lat' dir='ltr'><strong>charitatis)</strong></span> 
     </span>
     <span class='ocr_line' id='line_1_14' title="bbox 120 1513 1193 1617; baseline 0.002 -32"><span class='ocrx_word' id='word_1_107' title='bbox 120 1518 282 1588; x_wconf 72' lang='lat' dir='ltr'><strong>exortatur</strong></span> <span class='ocrx_word' id='word_1_108' title='bbox 293 1541 331 1590; x_wconf 86' lang='lat' dir='ltr'><strong>rrr</strong></span> <span class='ocrx_word' id='word_1_109' title='bbox 346 1517 416 1593; x_wconf 82' lang='lat' dir='ltr'><strong>hoc</strong></span> <span class='ocrx_word' id='word_1_110' title='bbox 427 1516 657 1592; x_wconf 81' lang='lat' dir='ltr'><strong>Sacramento</strong></span> <span class='ocrx_word' id='word_1_111' title='bbox 672 1541 869 1617; x_wconf 81' lang='lat' dir='ltr'><strong>,perquem</strong></span> <span class='ocrx_word' id='word_1_112' title='bbox 881 1530 1026 1598; x_wconf 82' lang='lat' dir='ltr'><strong>peccata</strong></span> <span class='ocrx_word' id='word_1_113' title='bbox 1042 1513 1193 1587; x_wconf 72' lang='lat' dir='ltr'><strong>renteltir</strong></span> 
     </span>
     <span class='ocr_line' id='line_1_15' title="bbox 119 1612 941 1702; baseline 0.005 -20"><span class='ocrx_word' id='word_1_114' title='bbox 119 1612 299 1687; x_wconf 74' lang='lat' dir='ltr'><strong>solvuntur.</strong></span> <span class='ocrx_word' id='word_1_115' title='bbox 939 1695 941 1702; x_wconf 18' lang='grc' dir='ltr'><strong><em>Α</em></strong></span> 
     </span>
    </p>

    <p class='ocr_par' dir='ltr' id='par_1_3' title="bbox 36 1709 1224 1812">
     <span class='ocr_line' id='line_1_16' title="bbox 36 1709 1224 1812; baseline 0.002 -28"><span class='ocrx_word' id='word_1_116' title='bbox 36 1721 37 1724; x_wconf 75' lang='grc'>’</span> <span class='ocrx_word' id='word_1_117' title='bbox 152 1711 243 1786; x_wconf 54' lang='grc'><strong>1155.</strong></span> <span class='ocrx_word' id='word_1_118' title='bbox 269 1712 407 1806; x_wconf 87' lang='lat' dir='ltr'><strong>Quod,</strong></span> <span class='ocrx_word' id='word_1_119' title='bbox 435 1714 464 1787; x_wconf 86' lang='lat' dir='ltr'><strong>ri</strong></span> <span class='ocrx_word' id='word_1_120' title='bbox 490 1717 613 1812; x_wconf 78' lang='lat' dir='ltr'><strong>postei</strong></span> <span class='ocrx_word' id='word_1_121' title='bbox 640 1713 899 1812; x_wconf 85' lang='lat' dir='ltr'><strong>dignoscatur,</strong></span> <span class='ocrx_word' id='word_1_122' title='bbox 926 1709 1194 1786; x_wconf 71' lang='lat' dir='ltr'><strong>nonobstante</strong></span> <span class='ocrx_word' id='word_1_123' title='bbox 1221 1751 1224 1754; x_wconf 94' lang='lat'>·</span> 
     </span>
    </p>

    <p class='ocr_par' dir='ltr' id='par_1_4' title="bbox 36 1806 1192 1909">
     <span class='ocr_line' id='line_1_17' title="bbox 36 1806 1192 1909; baseline 0.003 -28"><span class='ocrx_word' id='word_1_124' title='bbox 36 1867 37 1898; x_wconf 73' lang='lat'><strong>,</strong></span> <span class='ocrx_word' id='word_1_125' title='bbox 118 1806 314 1909; x_wconf 71' lang='lat' dir='ltr'><strong>frequentia</strong></span> <span class='ocrx_word' id='word_1_126' title='bbox 332 1813 634 1898; x_wconf 83' lang='lat' dir='ltr'><strong>Communionia,</strong></span> <span class='ocrx_word' id='word_1_127' title='bbox 653 1814 812 1885; x_wconf 83' lang='lat' dir='ltr'><strong>unimam</strong></span> <span class='ocrx_word' id='word_1_128' title='bbox 837 1808 931 1884; x_wconf 89' lang='lat' dir='ltr'><strong>nihil</strong></span> <span class='ocrx_word' id='word_1_129' title='bbox 984 1811 1133 1883; x_wconf 84' lang='lat' dir='ltr'><strong>rolicere</strong></span> <span class='ocrx_word' id='word_1_130' title='bbox 1151 1809 1192 1884; x_wconf 88' lang='lat' dir='ltr'><strong>in</strong></span> 
     </span>
    </p>

    <p class='ocr_par' dir='ltr' id='par_1_5' title="bbox 36 1837 1221 2105">
     <span class='ocr_line' id='line_1_18' title="bbox 36 1837 1221 2011; baseline 0.003 -35"><span class='ocrx_word' id='word_1_131' title='bbox 36 1941 37 1946; x_wconf 42' lang='lat'>¹</span> <span class='ocrx_word' id='word_1_132' title='bbox 117 1906 164 1977; x_wconf 81' lang='lat' dir='ltr'><strong>ria</strong></span> <span class='ocrx_word' id='word_1_133' title='bbox 185 1910 417 2007; x_wconf 75' lang='lat' dir='ltr'><strong>perfectionis</strong></span> <span class='ocrx_word' id='word_1_134' title='bbox 435 1967 443 1998; x_wconf 93' lang='lat'><strong>,</strong></span> <span class='ocrx_word' id='word_1_135' title='bbox 462 1937 583 2011; x_wconf 82' lang='lat' dir='ltr'><strong>neque</strong></span> <span class='ocrx_word' id='word_1_136' title='bbox 602 1937 640 1985; x_wconf 80' lang='lat' dir='ltr'><strong>oe</strong></span> <span class='ocrx_word' id='word_1_137' title='bbox 661 1911 857 1985; x_wconf 88' lang='lat' dir='ltr'><strong>emendare</strong></span> <span class='ocrx_word' id='word_1_138' title='bbox 873 1913 892 1982; x_wconf 68' lang='lat' dir='ltr'><strong>i</strong></span> <span class='ocrx_word' id='word_1_139' title='bbox 909 1837 1030 2007; x_wconf 80' lang='lat' dir='ltr'><strong>culpis</strong></span> <span class='ocrx_word' id='word_1_140' title='bbox 1046 1905 1193 1981; x_wconf 77' lang='lat' dir='ltr'><strong>‹tetthe-</strong></span> <span class='ocrx_word' id='word_1_141' title='bbox 1215 1971 1221 1980; x_wconf 94' lang='lat'><strong>.</strong></span> 
     </span>
     <span class='ocr_line' id='line_1_19' title="bbox 116 2002 1193 2105; baseline 0.003 -31"><span class='ocrx_word' id='word_1_142' title='bbox 116 2005 217 2090; x_wconf 81' lang='lat' dir='ltr'><strong>ratis,</strong></span> <span class='ocrx_word' id='word_1_143' title='bbox 237 2007 325 2084; x_wconf 89' lang='lat' dir='ltr'><strong>licet</strong></span> <span class='ocrx_word' id='word_1_144' title='bbox 340 2009 541 2082; x_wconf 84' lang='lat' dir='ltr'><strong>venialibus</strong></span> <span class='ocrx_word' id='word_1_145' title='bbox 560 2064 569 2093; x_wconf 90' lang='lat'><strong>‚</strong></span> <span class='ocrx_word' id='word_1_146' title='bbox 587 2026 630 2084; x_wconf 91' lang='lat' dir='ltr'><strong>ut</strong></span> <span class='ocrx_word' id='word_1_147' title='bbox 647 2010 677 2083; x_wconf 82' lang='lat' dir='ltr'><strong>oi</strong></span> <span class='ocrx_word' id='word_1_148' title='bbox 695 2010 856 2084; x_wconf 80' lang='lat' dir='ltr'><strong>edboeret</strong></span> <span class='ocrx_word' id='word_1_149' title='bbox 867 2009 977 2081; x_wconf 79' lang='lat' dir='ltr'><strong>etiim</strong></span> <span class='ocrx_word' id='word_1_150' title='bbox 994 2002 1193 2105; x_wconf 79' lang='lat' dir='ltr'><strong>voluptati·</strong></span> 
     </span>
    </p>

    <p class='ocr_par' dir='ltr' id='par_1_6' title="bbox 36 2098 1194 2299">
     <span class='ocr_line' id='line_1_20' title="bbox 36 2098 1194 2195; baseline 0.002 -21"><span class='ocrx_word' id='word_1_151' title='bbox 36 2105 37 2190; x_wconf 56' lang='grc' dir='ltr'>ῗ</span> <span class='ocrx_word' id='word_1_152' title='bbox 116 2098 179 2175; x_wconf 80' lang='lat' dir='ltr'><strong>ltus</strong></span> <span class='ocrx_word' id='word_1_153' title='bbox 195 2132 370 2180; x_wconf 79' lang='lat' dir='ltr'><strong>sensnum</strong></span> <span class='ocrx_word' id='word_1_154' title='bbox 382 2109 419 2180; x_wconf 91' lang='lat' dir='ltr'><strong>iu</strong></span> <span class='ocrx_word' id='word_1_155' title='bbox 434 2106 592 2181; x_wconf 85' lang='lat' dir='ltr'><strong>ridendo</strong></span> <span class='ocrx_word' id='word_1_156' title='bbox 605 2167 613 2195; x_wconf 91' lang='lat'><strong>,</strong></span> <span class='ocrx_word' id='word_1_157' title='bbox 626 2107 828 2193; x_wconf 87' lang='lat' dir='ltr'><strong>audiendo,</strong></span> <span class='ocrx_word' id='word_1_158' title='bbox 843 2105 1008 2194; x_wconf 89' lang='lat' dir='ltr'><strong>edendo,</strong></span> <span class='ocrx_word' id='word_1_159' title='bbox 1026 2131 1111 2178; x_wconf 89' lang='lat' dir='ltr'><strong>cum</strong></span> <span class='ocrx_word' id='word_1_160' title='bbox 1126 2102 1194 2177; x_wconf 90' lang='lat' dir='ltr'><strong>ali-</strong></span> 
     </span>
     <span class='ocr_line' id='line_1_21' title="bbox 117 2201 1194 2299; baseline -0.004 -20"><span class='ocrx_word' id='word_1_161' title='bbox 117 2224 182 2299; x_wconf 74' lang='lat' dir='ltr'><strong>que</strong></span> <span class='ocrx_word' id='word_1_162' title='bbox 196 2207 354 2279; x_wconf 80' lang='lat' dir='ltr'><strong>vanitate</strong></span> <span class='ocrx_word' id='word_1_163' title='bbox 367 2231 405 2279; x_wconf 87' lang='lat' dir='ltr'><strong>se</strong></span> <span class='ocrx_word' id='word_1_164' title='bbox 419 2207 627 2291; x_wconf 86' lang='lat' dir='ltr'><strong>vestiendo,</strong></span> <span class='ocrx_word' id='word_1_165' title='bbox 643 2223 733 2280; x_wconf 89' lang='lat' dir='ltr'><strong>tunc</strong></span> <span class='ocrx_word' id='word_1_166' title='bbox 746 2205 844 2280; x_wconf 73' lang='lat' dir='ltr'><strong>certe</strong></span> <span class='ocrx_word' id='word_1_167' title='bbox 858 2201 1029 2278; x_wconf 73' lang='lat' dir='ltr'><strong>consulto</strong></span> <span class='ocrx_word' id='word_1_168' title='bbox 1041 2205 1194 2277; x_wconf 81' lang='lat' dir='ltr'><strong>restrin-</strong></span> 
     </span>
    </p>

    <p class='ocr_par' dir='ltr' id='par_1_7' title="bbox 36 2300 1197 2697">
     <span class='ocr_line' id='line_1_22' title="bbox 36 2300 1194 2399; baseline -0.002 -26"><span class='ocrx_word' id='word_1_169' title='bbox 36 2331 37 2398; x_wconf 62' lang='lat'><strong>,</strong></span> <span class='ocrx_word' id='word_1_170' title='bbox 117 2301 252 2395; x_wconf 82' lang='lat' dir='ltr'><strong>gendos</strong></span> <span class='ocrx_word' id='word_1_171' title='bbox 271 2306 339 2376; x_wconf 89' lang='lat' dir='ltr'><strong>erit</strong></span> <span class='ocrx_word' id='word_1_172' title='bbox 362 2331 448 2377; x_wconf 78' lang='lat' dir='ltr'><strong>usus</strong></span> <span class='ocrx_word' id='word_1_173' title='bbox 465 2306 742 2379; x_wconf 76' lang='lat' dir='ltr'><strong>communionis</strong></span> <span class='ocrx_word' id='word_1_174' title='bbox 759 2360 769 2390; x_wconf 95' lang='lat'><strong>,</strong></span> <span class='ocrx_word' id='word_1_175' title='bbox 792 2304 901 2377; x_wconf 79' lang='lat' dir='ltr'><strong>etiim</strong></span> <span class='ocrx_word' id='word_1_176' title='bbox 917 2316 958 2375; x_wconf 90' lang='lat' dir='ltr'><strong>ut</strong></span> <span class='ocrx_word' id='word_1_177' title='bbox 976 2301 1071 2375; x_wconf 76' lang='lat' dir='ltr'><strong>terii)</strong></span> <span class='ocrx_word' id='word_1_178' title='bbox 1087 2300 1194 2399; x_wconf 84' lang='lat' dir='ltr'><strong>cogi·</strong></span> 
     </span>
     <span class='ocr_line' id='line_1_23' title="bbox 115 2393 1193 2500; baseline 0.002 -30"><span class='ocrx_word' id='word_1_179' title='bbox 115 2410 185 2472; x_wconf 81' lang='lat' dir='ltr'><strong>tare</strong></span> <span class='ocrx_word' id='word_1_180' title='bbox 210 2403 366 2500; x_wconf 86' lang='lat' dir='ltr'><strong>incipiat</strong></span> <span class='ocrx_word' id='word_1_181' title='bbox 393 2402 439 2476; x_wconf 90' lang='lat' dir='ltr'><strong>de</strong></span> <span class='ocrx_word' id='word_1_182' title='bbox 463 2430 528 2477; x_wconf 82' lang='lat' dir='ltr'><strong>sua</strong></span> <span class='ocrx_word' id='word_1_183' title='bbox 555 2403 832 2491; x_wconf 76' lang='lat' dir='ltr'><strong>emendatione,</strong></span> <span class='ocrx_word' id='word_1_184' title='bbox 852 2415 890 2473; x_wconf 91' lang='lat' dir='ltr'><strong>et</strong></span> <span class='ocrx_word' id='word_1_185' title='bbox 913 2423 985 2472; x_wconf 80' lang='lat' dir='ltr'><strong>roae</strong></span> <span class='ocrx_word' id='word_1_186' title='bbox 1009 2393 1193 2496; x_wconf 78' lang='lat' dir='ltr'><strong>spirituali</strong></span> 
     </span>
     <span class='ocr_line' id='line_1_24' title="bbox 116 2496 1197 2594; baseline 0 -27"><span class='ocrx_word' id='word_1_187' title='bbox 116 2499 327 2594; x_wconf 80' lang='lat' dir='ltr'><strong>perfectioni</strong></span> <span class='ocrx_word' id='word_1_188' title='bbox 358 2501 560 2574; x_wconf 84' lang='lat' dir='ltr'><strong>consulere.</strong></span> <span class='ocrx_word' id='word_1_189' title='bbox 591 2500 775 2575; x_wconf 83' lang='lat' dir='ltr'><strong>Caeterirm</strong></span> <span class='ocrx_word' id='word_1_190' title='bbox 806 2496 1073 2573; x_wconf 77' lang='lat' dir='ltr'><strong>advertendum</strong></span> <span class='ocrx_word' id='word_1_191' title='bbox 1102 2511 1155 2571; x_wconf 79' lang='lat' dir='ltr'><strong>eat</strong></span> <span class='ocrx_word' id='word_1_192' title='bbox 1181 2511 1197 2580; x_wconf 80' lang='lat'><strong>,1</strong></span> 
     </span>
     <span class='ocr_line' id='line_1_25' title="bbox 107 2593 1196 2697; baseline -0.002 -30"><span class='ocrx_word' id='word_1_193' title='bbox 107 2597 211 2693; x_wconf 39' lang='lat' dir='ltr'><strong>*quod</strong></span> <span class='ocrx_word' id='word_1_194' title='bbox 229 2599 318 2672; x_wconf 92' lang='lat' dir='ltr'><strong>licet</strong></span> <span class='ocrx_word' id='word_1_195' title='bbox 335 2605 432 2697; x_wconf 74' lang='lat' dir='ltr'><strong>juxti</strong></span> <span class='ocrx_word' id='word_1_196' title='bbox 449 2602 473 2673; x_wconf 91' lang='lat' dir='ltr'>S</span> <span class='ocrx_word' id='word_1_197' title='bbox 502 2600 685 2674; x_wconf 75' lang='lat' dir='ltr'><strong>&#39;rhomam</strong></span> <span class='ocrx_word' id='word_1_198' title='bbox 699 2603 712 2693; x_wconf 69' lang='lat' dir='ltr'><strong>i</strong></span> <span class='ocrx_word' id='word_1_199' title='bbox 727 2596 810 2672; x_wconf 81' lang='lat' dir='ltr'><strong>thid</strong></span> <span class='ocrx_word' id='word_1_200' title='bbox 828 2622 864 2697; x_wconf 88' lang='lat' dir='ltr'><strong>q.</strong></span> <span class='ocrx_word' id='word_1_201' title='bbox 881 2598 928 2669; x_wconf 80' lang='lat'><strong>80</strong></span> <span class='ocrx_word' id='word_1_202' title='bbox 944 2611 1011 2670; x_wconf 88' lang='lat' dir='ltr'><strong>art.</strong></span> <span class='ocrx_word' id='word_1_203' title='bbox 1033 2620 1073 2667; x_wconf 90' lang='lat' dir='ltr'><strong>ro</strong></span> <span class='ocrx_word' id='word_1_204' title='bbox 1090 2593 1105 2689; x_wconf 95' lang='lat'>)</span> <span class='ocrx_word' id='word_1_205' title='bbox 1123 2648 1134 2682; x_wconf 90' lang='lat'><strong>,</strong></span> <span class='ocrx_word' id='word_1_206' title='bbox 1153 2605 1196 2666; x_wconf 90' lang='lat' dir='ltr'><strong>ut</strong></span> 
     </span>
    </p>

    <p class='ocr_par' dir='ltr' id='par_1_8' title="bbox 36 2690 1199 2795">
     <span class='ocr_line' id='line_1_26' title="bbox 36 2690 1199 2795; baseline 0 -31"><span class='ocrx_word' id='word_1_207' title='bbox 36 2715 37 2732; x_wconf 62' lang='lat'>¹</span> <span class='ocrx_word' id='word_1_208' title='bbox 117 2693 323 2795; x_wconf 67' lang='lat' dir='ltr'><strong>poscitquis</strong></span> <span class='ocrx_word' id='word_1_209' title='bbox 338 2696 384 2770; x_wconf 83' lang='lat' dir='ltr'><strong>ad</strong></span> <span class='ocrx_word' id='word_1_210' title='bbox 397 2698 706 2771; x_wconf 77' lang='lat' dir='ltr'><strong>communionem</strong></span> <span class='ocrx_word' id='word_1_211' title='bbox 718 2694 893 2771; x_wconf 83' lang='lat' dir='ltr'><strong>accedere</strong></span> <span class='ocrx_word' id='word_1_212' title='bbox 906 2751 916 2780; x_wconf 94' lang='lat'><strong>,</strong></span> <span class='ocrx_word' id='word_1_213' title='bbox 929 2690 1139 2792; x_wconf 69' lang='lat' dir='ltr'><strong>reperiatur,</strong></span> <span class='ocrx_word' id='word_1_214' title='bbox 1159 2703 1199 2765; x_wconf 86' lang='lat' dir='ltr'><strong>ut</strong></span> 
     </span>
    </p>

    <p class='ocr_par' dir='ltr' id='par_1_9' title="bbox 36 2791 1200 2892">
     <span class='ocr_line' id='line_1_27' title="bbox 36 2791 1200 2892; baseline 0.006 -31"><span class='ocrx_word' id='word_1_215' title='bbox 36 2803 37 2824; x_wconf 74' lang='lat'><em>³</em></span> <span class='ocrx_word' id='word_1_216' title='bbox 115 2815 186 2862; x_wconf 85' lang='lat' dir='ltr'><strong>cum</strong></span> <span class='ocrx_word' id='word_1_217' title='bbox 202 2820 334 2892; x_wconf 80' lang='lat' dir='ltr'><strong>magua</strong></span> <span class='ocrx_word' id='word_1_218' title='bbox 349 2795 530 2867; x_wconf 75' lang='lat' dir='ltr'><strong>devonium</strong></span> <span class='ocrx_word' id='word_1_219' title='bbox 542 2797 688 2869; x_wconf 83' lang='lat' dir='ltr'><strong>accedat</strong></span> <span class='ocrx_word' id='word_1_220' title='bbox 698 2825 712 2865; x_wconf 83' lang='lat'><strong>.·</strong></span> <span class='ocrx_word' id='word_1_221' title='bbox 727 2791 969 2869; x_wconf 76' lang='lat' dir='ltr'><strong>nihilominus</strong></span> <span class='ocrx_word' id='word_1_222' title='bbox 981 2817 1057 2864; x_wconf 91' lang='lat' dir='ltr'><strong>non</strong></span> <span class='ocrx_word' id='word_1_223' title='bbox 1073 2792 1119 2864; x_wconf 85' lang='lat' dir='ltr'><strong>sit</strong></span> <span class='ocrx_word' id='word_1_224' title='bbox 1133 2805 1200 2868; x_wconf 71' lang='lat' dir='ltr'><strong>nor?</strong></span> 
     </span>
    </p>

    <p class='ocr_par' dir='ltr' id='par_1_10' title="bbox 36 2888 1238 2990">
     <span class='ocr_line' id='line_1_28' title="bbox 36 2888 1238 2990; baseline 0.006 -29"><span class='ocrx_word' id='word_1_225' title='bbox 36 2899 37 2990; x_wconf 58' lang='lat' dir='ltr'><strong>i</strong></span> <span class='ocrx_word' id='word_1_226' title='bbox 117 2893 336 2978; x_wconf 76' lang='lat' dir='ltr'><strong>nectarium,</strong></span> <span class='ocrx_word' id='word_1_227' title='bbox 362 2907 404 2965; x_wconf 90' lang='lat' dir='ltr'><strong>ut</strong></span> <span class='ocrx_word' id='word_1_228' title='bbox 425 2891 488 2966; x_wconf 82' lang='lat' dir='ltr'><strong>illa</strong></span> <span class='ocrx_word' id='word_1_229' title='bbox 508 2896 556 2966; x_wconf 85' lang='lat' dir='ltr'><strong>eit</strong></span> <span class='ocrx_word' id='word_1_230' title='bbox 579 2919 746 2979; x_wconf 82' lang='lat' dir='ltr'><strong>somma,</strong></span> <span class='ocrx_word' id='word_1_231' title='bbox 770 2891 825 2966; x_wconf 80' lang='lat' dir='ltr'><strong>vel</strong></span> <span class='ocrx_word' id='word_1_232' title='bbox 850 2891 975 2981; x_wconf 73' lang='lat' dir='ltr'><strong>operte</strong></span> <span class='ocrx_word' id='word_1_233' title='bbox 997 2888 1197 2964; x_wconf 76' lang='lat' dir='ltr'><strong>sensibilia.</strong></span> <span class='ocrx_word' id='word_1_234' title='bbox 1235 2961 1238 2968; x_wconf 83' lang='lat'><strong>.</strong></span> 
     </span>
    </p>

    <p class='ocr_par' dir='ltr' id='par_1_11' title="bbox 36 2986 1199 3090">
     <span class='ocr_line' id='line_1_29' title="bbox 36 2986 1199 3090; baseline 0.003 -31"><span class='ocrx_word' id='word_1_235' title='bbox 36 2993 37 3002; x_wconf 77' lang='grc'>’</span> <span class='ocrx_word' id='word_1_236' title='bbox 116 2986 249 3062; x_wconf 84' lang='lat' dir='ltr'><strong>Sufficit</strong></span> <span class='ocrx_word' id='word_1_237' title='bbox 262 2992 443 3065; x_wconf 85' lang='lat' dir='ltr'><strong>Directori</strong></span> <span class='ocrx_word' id='word_1_238' title='bbox 460 2990 625 3090; x_wconf 88' lang='lat' dir='ltr'><strong>detegere</strong></span> <span class='ocrx_word' id='word_1_239' title='bbox 640 2993 679 3064; x_wconf 91' lang='lat' dir='ltr'><strong>in</strong></span> <span class='ocrx_word' id='word_1_240' title='bbox 692 2992 822 3064; x_wconf 89' lang='lat' dir='ltr'><strong>intimo</strong></span> <span class='ocrx_word' id='word_1_241' title='bbox 834 2988 1031 3062; x_wconf 78' lang='lat' dir='ltr'><strong>voluntatis</strong></span> <span class='ocrx_word' id='word_1_242' title='bbox 1048 2988 1199 3087; x_wconf 63' lang='lat' dir='ltr'><strong>uui-poti</strong></span> 
     </span>
    </p>

    <p class='ocr_par' dir='ltr' id='par_1_12' title="bbox 36 3086 1244 3189">
     <span class='ocr_line' id='line_1_30' title="bbox 36 3086 1244 3189; baseline 0.007 -33"><span class='ocrx_word' id='word_1_243' title='bbox 36 3095 37 3100; x_wconf 77' lang='grc'>’</span> <span class='ocrx_word' id='word_1_244' title='bbox 119 3087 264 3161; x_wconf 86' lang='lat' dir='ltr'><strong>nitentis</strong></span> <span class='ocrx_word' id='word_1_245' title='bbox 276 3089 477 3189; x_wconf 80' lang='lat' dir='ltr'><strong>quamdam</strong></span> <span class='ocrx_word' id='word_1_246' title='bbox 488 3091 711 3167; x_wconf 76' lang='lat' dir='ltr'><strong>alacritatem</strong></span> <span class='ocrx_word' id='word_1_247' title='bbox 724 3089 772 3163; x_wconf 81' lang='lat' dir='ltr'><strong>cd</strong></span> <span class='ocrx_word' id='word_1_248' title='bbox 786 3086 1199 3188; x_wconf 75' lang='lat' dir='ltr'><strong>exequendaquoecum·</strong></span> <span class='ocrx_word' id='word_1_249' title='bbox 1240 3157 1244 3164; x_wconf 91' lang='lat'><strong>.</strong></span> 
     </span>
    </p>

    <p class='ocr_par' dir='ltr' id='par_1_13' title="bbox 35 3183 1249 3582">
     <span class='ocr_line' id='line_1_31' title="bbox 35 3183 1198 3287; baseline -0.005 -25"><span class='ocrx_word' id='word_1_250' title='bbox 35 3233 37 3262; x_wconf 67' lang='lat' dir='ltr'><strong>r</strong></span> <span class='ocrx_word' id='word_1_251' title='bbox 119 3207 186 3282; x_wconf 86' lang='lat' dir='ltr'><strong>que</strong></span> <span class='ocrx_word' id='word_1_252' title='bbox 210 3186 289 3260; x_wconf 88' lang='lat' dir='ltr'><strong>Deo</strong></span> <span class='ocrx_word' id='word_1_253' title='bbox 320 3187 537 3287; x_wconf 74' lang='lat' dir='ltr'><strong>placuerint.</strong></span> <span class='ocrx_word' id='word_1_254' title='bbox 567 3190 640 3282; x_wconf 89' lang='lat' dir='ltr'><strong>Qui</strong></span> <span class='ocrx_word' id='word_1_255' title='bbox 669 3189 940 3263; x_wconf 86' lang='lat' dir='ltr'><strong>Communioue</strong></span> <span class='ocrx_word' id='word_1_256' title='bbox 965 3183 1198 3274; x_wconf 80' lang='lat' dir='ltr'><strong>abstineret,</strong></span> 
     </span>
     <span class='ocr_line' id='line_1_32' title="bbox 118 3282 1199 3386; baseline 0.002 -32"><span class='ocrx_word' id='word_1_257' title='bbox 118 3286 196 3379; x_wconf 87' lang='lat' dir='ltr'><strong>quia</strong></span> <span class='ocrx_word' id='word_1_258' title='bbox 216 3310 293 3357; x_wconf 89' lang='lat' dir='ltr'><strong>uon</strong></span> <span class='ocrx_word' id='word_1_259' title='bbox 311 3289 462 3361; x_wconf 76' lang='lat' dir='ltr'><strong>sentiret</strong></span> <span class='ocrx_word' id='word_1_260' title='bbox 477 3288 515 3360; x_wconf 89' lang='lat' dir='ltr'><strong>in</strong></span> <span class='ocrx_word' id='word_1_261' title='bbox 533 3313 571 3360; x_wconf 83' lang='lat' dir='ltr'><strong>se</strong></span> <span class='ocrx_word' id='word_1_262' title='bbox 587 3312 762 3384; x_wconf 90' lang='lat' dir='ltr'><strong>magnum</strong></span> <span class='ocrx_word' id='word_1_263' title='bbox 780 3282 979 3386; x_wconf 87' lang='lat' dir='ltr'><strong>quemdam</strong></span> <span class='ocrx_word' id='word_1_264' title='bbox 996 3284 1199 3372; x_wconf 80' lang='lat' dir='ltr'><strong>fervorem,</strong></span> 
     </span>
     <span class='ocr_line' id='line_1_33' title="bbox 120 3378 1200 3479; baseline 0.004 -28"><span class='ocrx_word' id='word_1_265' title='bbox 120 3378 232 3478; x_wconf 87' lang='lat' dir='ltr'><strong>inquit</strong></span> <span class='ocrx_word' id='word_1_266' title='bbox 261 3383 392 3460; x_wconf 73' lang='lat' dir='ltr'><strong>doctus</strong></span> <span class='ocrx_word' id='word_1_267' title='bbox 418 3387 586 3470; x_wconf 74' lang='lat' dir='ltr'><strong>Ger-ron.</strong></span> <span class='ocrx_word' id='word_1_268' title='bbox 611 3400 705 3458; x_wconf 78' lang='lat' dir='ltr'><strong>esset</strong></span> <span class='ocrx_word' id='word_1_269' title='bbox 730 3382 1000 3479; x_wconf 80' lang='lat' dir='ltr'><strong>comparandus</strong></span> <span class='ocrx_word' id='word_1_270' title='bbox 1024 3381 1103 3472; x_wconf 92' lang='lat' dir='ltr'><strong>illi,</strong></span> <span class='ocrx_word' id='word_1_271' title='bbox 1134 3383 1200 3478; x_wconf 89' lang='lat' dir='ltr'><strong>qui</strong></span> 
     </span>
     <span class='ocr_line' id='line_1_34' title="bbox 120 3476 1249 3582; baseline 0.007 -34"><span class='ocrx_word' id='word_1_272' title='bbox 120 3481 221 3554; x_wconf 87' lang='lat' dir='ltr'><strong>nimis</strong></span> <span class='ocrx_word' id='word_1_273' title='bbox 242 3482 438 3580; x_wconf 79' lang='lat' dir='ltr'><strong>frigescens</strong></span> <span class='ocrx_word' id='word_1_274' title='bbox 463 3484 579 3558; x_wconf 89' lang='lat' dir='ltr'><strong>nollet</strong></span> <span class='ocrx_word' id='word_1_275' title='bbox 595 3482 642 3556; x_wconf 87' lang='lat' dir='ltr'><strong>ad</strong></span> <span class='ocrx_word' id='word_1_276' title='bbox 655 3485 778 3582; x_wconf 84' lang='lat' dir='ltr'><strong>ignem</strong></span> <span class='ocrx_word' id='word_1_277' title='bbox 797 3479 992 3571; x_wconf 84' lang='lat' dir='ltr'><strong>accedere,</strong></span> <span class='ocrx_word' id='word_1_278' title='bbox 1012 3480 1098 3580; x_wconf 87' lang='lat' dir='ltr'><strong>quia</strong></span> <span class='ocrx_word' id='word_1_279' title='bbox 1116 3476 1201 3551; x_wconf 87' lang='lat' dir='ltr'><strong>nul·</strong></span> <span class='ocrx_word' id='word_1_280' title='bbox 1244 3547 1249 3556; x_wconf 75' lang='grc'><strong>,</strong></span> 
     </span>
    </p>

    <p class='ocr_par' dir='ltr' id='par_1_14' title="bbox 36 3570 1247 3783">
     <span class='ocr_line' id='line_1_35' title="bbox 36 3570 1198 3684; baseline 0.003 -36"><span class='ocrx_word' id='word_1_281' title='bbox 36 3659 37 3666; x_wconf 8' lang='grc'>9</span> <span class='ocrx_word' id='word_1_282' title='bbox 117 3570 192 3650; x_wconf 89' lang='lat' dir='ltr'><strong>lum</strong></span> <span class='ocrx_word' id='word_1_283' title='bbox 208 3581 248 3652; x_wconf 91' lang='lat' dir='ltr'><strong>in</strong></span> <span class='ocrx_word' id='word_1_284' title='bbox 267 3606 306 3652; x_wconf 83' lang='lat' dir='ltr'><strong>se</strong></span> <span class='ocrx_word' id='word_1_285' title='bbox 321 3584 506 3684; x_wconf 84' lang='lat' dir='ltr'><strong>experitur</strong></span> <span class='ocrx_word' id='word_1_286' title='bbox 529 3582 702 3656; x_wconf 87' lang='lat' dir='ltr'><strong>calorem.</strong></span> <span class='ocrx_word' id='word_1_287' title='bbox 721 3579 833 3657; x_wconf 74' lang='lat' dir='ltr'><strong>Unde</strong></span> <span class='ocrx_word' id='word_1_288' title='bbox 853 3579 960 3654; x_wconf 89' lang='lat' dir='ltr'><strong>docet</strong></span> <span class='ocrx_word' id='word_1_289' title='bbox 982 3581 1022 3653; x_wconf 90' lang='lat' dir='ltr'><strong>P.</strong></span> <span class='ocrx_word' id='word_1_290' title='bbox 1038 3580 1198 3651; x_wconf 81' lang='lat' dir='ltr'><strong>Granate</strong></span> 
     </span>
     <span class='ocr_line' id='line_1_36' title="bbox 120 3675 1247 3783; baseline 0.004 -37"><span class='ocrx_word' id='word_1_291' title='bbox 120 3699 200 3749; x_wconf 91' lang='lat' dir='ltr'><strong>cum</strong></span> <span class='ocrx_word' id='word_1_292' title='bbox 215 3681 413 3779; x_wconf 72' lang='lat' dir='ltr'><strong>Caietano..</strong></span> <span class='ocrx_word' id='word_1_293' title='bbox 432 3707 605 3783; x_wconf 83' lang='lat' dir='ltr'><strong>personas</strong></span> <span class='ocrx_word' id='word_1_294' title='bbox 622 3679 876 3779; x_wconf 80' lang='lat' dir='ltr'><strong>pusillanimes</strong></span> <span class='ocrx_word' id='word_1_295' title='bbox 891 3734 901 3768; x_wconf 90' lang='lat'><strong>,</strong></span> <span class='ocrx_word' id='word_1_296' title='bbox 916 3702 998 3777; x_wconf 84' lang='lat' dir='ltr'><strong>qntu</strong></span> <span class='ocrx_word' id='word_1_297' title='bbox 1011 3675 1200 3750; x_wconf 79' lang='lat' dir='ltr'><strong>chimino·</strong></span> <span class='ocrx_word' id='word_1_298' title='bbox 1245 3743 1247 3750; x_wconf 82' lang='grc'>,</span> 
     </span>
    </p>
   </div>
   <div class='ocr_carea' id='block_1_3' title="bbox 75 3768 1252 4177">
    <p class='ocr_par' dir='ltr' id='par_1_15' title="bbox 115 3768 1252 4082">
     <span class='ocr_line' id='line_1_37' title="bbox 119 3768 1252 3877; baseline 0.009 -35"><span class='ocrx_word' id='word_1_299' title='bbox 119 3768 282 3849; x_wconf 84' lang='lat' dir='ltr'><strong>deratum</strong></span> <span class='ocrx_word' id='word_1_300' title='bbox 315 3780 485 3853; x_wconf 87' lang='lat' dir='ltr'><strong>timorem</strong></span> <span class='ocrx_word' id='word_1_301' title='bbox 516 3805 591 3853; x_wconf 78' lang='lat' dir='ltr'><strong>rute</strong></span> <span class='ocrx_word' id='word_1_302' title='bbox 624 3777 856 3877; x_wconf 83' lang='lat' dir='ltr'><strong>indignitatis</strong></span> <span class='ocrx_word' id='word_1_303' title='bbox 888 3776 1200 3852; x_wconf 78' lang='lat' dir='ltr'><strong>communionem</strong></span> <span class='ocrx_word' id='word_1_304' title='bbox 1245 3845 1252 3852; x_wconf 88' lang='lat'><strong>.</strong></span> 
     </span>
     <span class='ocr_line' id='line_1_38' title="bbox 118 3871 1204 3977; baseline 0.003 -36"><span class='ocrx_word' id='word_1_305' title='bbox 118 3874 314 3960; x_wconf 84' lang='lat' dir='ltr'><strong>omittunt,</strong></span> <span class='ocrx_word' id='word_1_306' title='bbox 343 3904 518 3976; x_wconf 85' lang='lat' dir='ltr'><strong>magnum</strong></span> <span class='ocrx_word' id='word_1_307' title='bbox 549 3902 616 3950; x_wconf 85' lang='lat' dir='ltr'><strong>suo</strong></span> <span class='ocrx_word' id='word_1_308' title='bbox 643 3877 795 3977; x_wconf 89' lang='lat' dir='ltr'><strong>proprio</strong></span> <span class='ocrx_word' id='word_1_309' title='bbox 827 3873 1033 3974; x_wconf 82' lang='lat' dir='ltr'><strong>progressui</strong></span> <span class='ocrx_word' id='word_1_310' title='bbox 1066 3871 1204 3962; x_wconf 79' lang='lat' dir='ltr'><strong>inferre</strong></span> 
     </span>
     <span class='ocr_line' id='line_1_39' title="bbox 115 3972 1200 4082; baseline 0.002 -41"><span class='ocrx_word' id='word_1_311' title='bbox 115 3974 385 4082; x_wconf 67' lang='lat' dir='ltr'><strong>prejudicium.</strong></span> <span class='ocrx_word' id='word_1_312' title='bbox 396 3978 523 4073; x_wconf 86' lang='lat' dir='ltr'><strong>Neque</strong></span> <span class='ocrx_word' id='word_1_313' title='bbox 537 3974 584 4048; x_wconf 90' lang='lat' dir='ltr'><strong>ad</strong></span> <span class='ocrx_word' id='word_1_314' title='bbox 597 3972 894 4077; x_wconf 81' lang='lat' dir='ltr'><strong>prosequendum</strong></span> <span class='ocrx_word' id='word_1_315' title='bbox 912 3973 1200 4045; x_wconf 74' lang='lat' dir='ltr'><strong>communiones</strong></span> 
     </span>
    </p>

    <p class='ocr_par' dir='ltr' id='par_1_16' title="bbox 75 4071 1241 4177">
     <span class='ocr_line' id='line_1_40' title="bbox 75 4071 1241 4177; baseline 0.003 -36"><span class='ocrx_word' id='word_1_316' title='bbox 75 4101 77 4105; x_wconf 94' lang='lat'>·</span> <span class='ocrx_word' id='word_1_317' title='bbox 119 4071 238 4170; x_wconf 73' lang='lat' dir='ltr'><strong>iuquit</strong></span> <span class='ocrx_word' id='word_1_318' title='bbox 254 4071 288 4148; x_wconf 91' lang='lat' dir='ltr'><strong>S.</strong></span> <span class='ocrx_word' id='word_1_319' title='bbox 311 4074 535 4152; x_wconf 77' lang='lat' dir='ltr'><strong>Laurentius</strong></span> <span class='ocrx_word' id='word_1_320' title='bbox 549 4075 805 4177; x_wconf 74' lang='lat' dir='ltr'><strong>iustinianur,</strong></span> <span class='ocrx_word' id='word_1_321' title='bbox 830 4083 999 4173; x_wconf 82' lang='lat' dir='ltr'><strong>oportet,</strong></span> <span class='ocrx_word' id='word_1_322' title='bbox 1018 4084 1060 4146; x_wconf 92' lang='lat' dir='ltr'><strong>ut</strong></span> <span class='ocrx_word' id='word_1_323' title='bbox 1077 4071 1202 4154; x_wconf 80' lang='lat' dir='ltr'><strong>anima</strong></span> <span class='ocrx_word' id='word_1_324' title='bbox 1236 4139 1241 4144; x_wconf 84' lang='lat'><strong>.</strong></span> 
     </span>
    </p>
   </div>
   <div class='ocr_carea' id='block_1_4' title="bbox 0 0 1476 4717">
    <p class='ocr_par' dir='ltr' id='par_1_17' title="bbox 0 0 1476 4717">
     <span class='ocr_line' id='line_1_41' title="bbox 0 0 1476 4717; baseline 0 3"><span class='ocrx_word' id='word_1_325' title='bbox 0 0 1476 4717; x_wconf 95' lang='lat' dir='ltr'><strong> </strong></span> 
     </span>
    </p>
   </div>
  </div>
 </body>
</html>
