2942 4717
373 334 469 425 siv.
487 332 582 403 ciret
597 332 723 404 iudicis
740 332 905 403 Officium.
1133 359 1177 426 29

150 443 199 525 33.
219 447 323 534 Circa
353 446 451 522 hanc
476 446 595 546 ipsam
623 448 812 520 materiam
840 443 1028 533 scandali,
1056 462 1179 549 potest

107 548 310 647 interrogare
335 549 514 647 insuper,
543 573 590 618 an
613 545 801 647 poenitens
825 561 1044 644 cooperatus
1064 547 1178 622 suerit
1247 607 1254 624 .

107 662 236 747 peccato
255 646 415 745 alicujus
434 672 444 730 3
474 641 539 728 sed
558 645 810 719 confessarius
828 646 866 716 iu
885 645 957 717 boc
971 641 1083 724 debet
1099 673 1178 724 esse

106 745 194 819 valde
215 746 382 846 peritus,
411 758 453 820 ut
478 742 696 843 dignoscat,
721 740 872 843 quandb
895 748 1104 844 cooperatio
1132 749 1181 821 sit

100 842 273 935 torridis,
296 859 334 918 et
361 841 512 944 quandb
534 841 747 917 materialis.
778 842 959 914 Formalis
986 859 1065 930 est,
1090 871 1179 922 cum

114 958 308 1042 cooperatur
322 941 458 1016 actuali
477 955 629 1041 peccato
652 940 826 1031 alterius,
852 939 893 1012 ta
910 945 1028 1015 evenit
1045 945 1082 1016 in
1103 944 1179 1018 for·

113 1042 292 1155 nuatione,
319 1055 383 1114 aut
400 1056 618 1212 cooperatur
645 1040 754 1114 malae
781 1038 964 1112 voluntati
989 1039 1178 1142 alicujus,

110 1156 175 1212 utu
198 1141 236 1214 iu
260 1166 367 1213 suam
385 1153 463 1213 tute

104 1235 213 1330 dicunt
227 1239 414 1339 ‚puardar
431 1240 464 1308 le
476 1239 599 1335 spalle.
617 1236 816 1310 Maternus
839 1252 961 1310 autem
987 1255 1061 1325 est,
1090 1265 1179 1318 cum

101 1362 230 1435 operam
246 1364 354 1410 suam
383 1334 533 1411 exbibet
561 1339 660 1410 actui
674 1334 787 1410 alicui
804 1361 847 1412 ex
862 1360 901 1409 se
924 1335 1178 1430 indifferenti,

99 1437 151 1534 qui
167 1440 206 1509 et
224 1431 394 1510 abutitur
413 1434 461 1507 ad
477 1434 619 1510 malum
640 1436 751 1518 finem
771 1490 781 1525 ,
800 1432 842 1512 tt
860 1451 914 1507 est
932 1435 1095 1534 praebere
1121 1439 1180 1512 vi·

97 1559 175 1606 num
191 1536 329 1610 volenti
343 1560 382 1610 se
395 1533 536 1610 ebriare
549 1559 560 1625 ;
574 1548 611 1609 et
626 1521 846 1634 haecpote'st
859 1560 936 1608 esse
950 1533 1049 1610 licita
1062 1591 1071 1623 ‚
1092 1562 1181 1614 cum

95 1631 185 1706 adest
199 1638 314 1731 justa,
340 1648 376 1706 et
387 1633 640 1733 cooperationi
659 1634 936 1731 proportionata
951 1659 1075 1709 causa.
1097 1635 1179 1711 Hoc

94 1747 280 1829 punctum,
298 1728 401 1847 quod
416 1734 541 1829 magni
557 1730 736 1805 momenti
745 1746 865 1820 est,.et
879 1730 994 1805 multa
1008 1732 1183 1808 conside·

92 1834 224 1904 ratione
242 1831 412 1931 indigens
429 1886 437 1916 ‚
455 1857 530 1904 non
548 1827 746 1904 mediocris
766 1829 858 1903 mibi
876 1828 947 1903 suit
963 1830 1118 1922 laboris,
1140 1831 1182 1910 tt
1266 1907 1269 1912 ,

93 1929 195 2004 relati
212 1955 271 2004 res
297 1927 463 2029 exigebat
480 1929 751 2028 expenderetur
770 1955 779 2017 ;
807 1927 1005 2004 observent
1019 1929 1180 2031 idebque

92 2031 269 2119 rationes,
286 2042 323 2103 et
334 2027 575 2103 resolutiones
591 2029 631 2105 iu
648 2030 772 2128 Opere
785 2025 883 2126 (Lib.
902 2053 923 2102 2
939 2055 977 2102 n.
992 2028 1053 2107 63.
1069 2057 1102 2107 v.
1120 2025 1181 2107 Ad

95 2124 393 2228 distinguendum
415 2183 424 2210 ‚
443 2125 518 2204 eti.
540 2125 614 2202 3n.
635 2125 720 2227 571.
740 2126 974 2226 >congestas

135 2229 191 2320 24.
222 2228 329 2302 Circa
345 2224 392 2298 Π.
411 2225 848 2323 Pmceptum.iuterroget
863 2226 908 2301 de
923 2227 1114 2326 per‘uriis,
1132 2227 1180 2310 de

90 2327 172 2398 votis
192 2323 450 2425 transgressis,
470 2339 508 2402 et
525 2324 573 2399 de
593 2323 848 2423 blasphemiis.
871 2253 1004 2426 Qubari
1015 2331 1178 2429 perjuria

90 2421 282 2523 interroget
295 2423 561 2523 paenitentem,
594 2423 625 2496 si
651 2423 784 2498 falsum
806 2426 1003 2522 juraverit,
1021 2440 1059 2500 et
1076 2430 1178 2506 auin

91 2521 248 2617 judicio,
267 2524 322 2597 vet
345 2526 443 2610 extra
456 2525 574 2624 ‚jquia
593 2520 794 2622 pejerando
816 2525 853 2595 in
873 2522 1012 2622 judicio
1031 2581 1040 2615 ‚
1063 2523 1177 2604 etiam

92 2621 262 2720 justitiam
283 2620 396 2707 laesit,
418 2637 570 2722 propter
597 2620 701 2722 quod
735 2620 942 2720 aliquandi>
964 2620 1178 2710 tenebitur,

93 2734 151 2798 aut
163 2746 200 2796 se
218 2735 433 2810 retractare,
449 2735 513 2798 aut
527 2720 706 2798 damnum
724 2718 888 2795 reficere.
919 2746 953 2794 a.
974 2719 1181 2826 Interroget

92 2816 132 2891 de
149 2819 260 2898 modo
275 2875 284 2909 ‚
299 2846 375 2920 quo
388 2822 519 2917 juravit
529 2879 541 2908 ,
553 2821 582 2893 si
596 2843 663 2910 per
676 2819 795 2892 Deum
811 2875 820 2910 ,
834 2816 1065 2917 perSanctos
1081 2877 1098 2910 ‚s
1112 2850 1183 2922 per

90 2917 269 3006 animam
298 2922 328 2992 si
355 2920 455 2994 enim
486 2918 618 3012 juravit
641 2942 707 3017 per
723 2916 1013 3006 conscientiam,
1039 2933 1183 3018 autper
1231 2921 1234 2930 ’

89 3013 208 3107 fidam,
226 3019 318 3133 quin
338 3017 525 3091 addiderit
526 3017 645 3115 fidem
664 3030 825 3094 sanctam
840 3029 904 3090 aut
918 3013 1073 3104 Chatti,
1096 3046 1182 3119 pro·

90 3108 306 3192 babitissuae
340 3130 460 3217 potest
488 3113 654 3196 excusari
676 3118 696 3187 a
719 3115 883 3214 perjurio
908 3111 1035 3204 (Tam.
1056 3115 1084 3191 1.
1109 3111 1181 3193 bi

90 3235 123 3284 n.
142 3213 247 3312 143.)
265 3215 487 3289 Advertatur
499 3215 561 3289 tte
581 3272 591 3300 ,
605 3211 742 3288 multos
756 3208 865 3290 rudes
881 3238 956 3286 non
972 3214 1183 3315 apprehen·

93 3308 229 3386 derebt
248 3328 444 3415 peccatum
464 3339 600 3411 grave,
627 3318 791 3413 pejerare
809 3338 875 3411 per
891 3312 1068 3403 Sanctus,
1094 3341 1183 3392 cum

93 3406 232 3486 alterius
250 3412 430 3485 &mnam
447 3439 523 3486 nou
550 3412 756 3487 intervenit.
769 3410 819 3484 Et
832 3409 1077 3512 plerumque,
1096 3440 1184 3490 cum

93 3505 260 3603 infilius,
281 3527 345 3585 aut
358 3511 516 3585 samuins
543 3566 553 3598 ‚
578 3515 777 3586 irascentes
795 3509 925 3584 dicunt
937 3565 945 3594 ,
959 3534 1028 3605 per
1042 3509 1184 3602 Deum,

90 3632 148 3700 per
163 3606 314 3684 Sanctos
332 3665 341 3697 ‚
359 3608 620 3704 percantatum
648 3624 682 3682 te
706 3607 891 3710 scutilum,
917 3607 951 3681 si
968 3607 1091 3682 iterum
1114 3609 1185 3684 hoc

90 3701 206 3794 scates,
226 3721 301 3781 n'ou
318 3723 459 3809 putant,
478 3733 516 3783 se
525 3723 614 3782 tunc
624 3713 810 3808 pejerare,
828 3705 970 3780 etiamsi
982 3712 1105 3782 revera
1115 3706 1185 3782 mi·

93 3826 150 3878 nas
168 3806 299 3904 exequi
313 3834 388 3882 non
406 3806 626 3891 intendanu
647 3804 778 3882 saltem
795 3831 870 3879 non
887 3805 1095 3881 advertunt.

136 3905 191 3978 25.
206 3903 360 4001 'Quoad
377 3906 575 4002 votasacta
594 3905 732 4005 pariter
749 3903 1002 3980 confessarius
1018 3904 1181 4012 diligen-3

92 4008 142 4073 ter
158 4007 324 4104 exquirat
338 4007 596 4105 bpoenitente‘‚
615 4007 647 4078 si
665 4001 761 4082 illud
778 4001 880 4103 quod
899 4003 1103 4100 emisit,xsit
1120 4034 1184 4081 ve-

94 4121 167 4172 rum
183 4111 334 4191 votum,
353 4107 447 4207 quia
473 4105 603 4203 vulgus
633 4100 733 4202 saepe
752 4101 951 4178 confundit
978 4102 1181 4202 desideria,

93 4205 357 4305 autssproposita
375 4231 463 4300 epm
477 4207 581 4289 rotis¹
596 4201 656 4283 Ad
674 4203 754 4281 bac
770 4197 1029 4305 distinguenda
1042 4206 1182 4312 parum

479 1139 676 1212 amtorem
704 1139 910 1244 reciperet,
940 1140 1042 1239 quod
1070 1139 1180 1244 vulgb
1300 1227 1303 1234 ¹
