<?xml version="1.0" encoding="UTF-8"?>
<!DOCTYPE html PUBLIC "-//W3C//DTD XHTML 1.0 Transitional//EN"
    "http://www.w3.org/TR/xhtml1/DTD/xhtml1-transitional.dtd">
<html xmlns="http://www.w3.org/1999/xhtml" xml:lang="en" lang="en">
 <head>
  <title>
</title>
<meta http-equiv="Content-Type" content="text/html;charset=utf-8" />
  <meta name='ocr-system' content='tesseract 3.04.00' />
  <meta name='ocr-capabilities' content='ocr_page ocr_carea ocr_par ocr_line ocrx_word'/>
</head>
<body>
  <div class='ocr_page' id='page_1' title='image "./theologiamorali02mansgoog_0258.png"; bbox 0 0 2942 4717; ppageno 0'>
   <div class='ocr_carea' id='block_1_1' title="bbox 150 202 1432 4061">
    <p class='ocr_par' dir='ltr' id='par_1_1' title="bbox 150 202 1329 914">
     <span class='ocr_line' id='line_1_1' title="bbox 250 202 1166 296; baseline 0.004 -22"><span class='ocrx_word' id='word_1_1' title='bbox 250 202 314 286; x_wconf 77' lang='lat'><strong>238</strong></span> <span class='ocrx_word' id='word_1_2' title='bbox 489 252 494 266; x_wconf 84' lang='lat'><strong>·</strong></span> <span class='ocrx_word' id='word_1_3' title='bbox 578 205 721 273; x_wconf 80' lang='lat' dir='ltr'><strong>Examen</strong></span> <span class='ocrx_word' id='word_1_4' title='bbox 729 204 1011 279; x_wconf 66' lang='lat' dir='ltr'><strong>ordinandorum,</strong></span> <span class='ocrx_word' id='word_1_5' title='bbox 1114 276 1118 286; x_wconf 84' lang='grc'><strong><em>,</em></strong></span> <span class='ocrx_word' id='word_1_6' title='bbox 1160 286 1166 296; x_wconf 53' lang='grc'><em>,</em></span> 
     </span>
     <span class='ocr_line' id='line_1_2' title="bbox 250 305 1329 416; baseline -0.004 -26"><span class='ocrx_word' id='word_1_7' title='bbox 250 316 335 390; x_wconf 74' lang='lat' dir='ltr'><strong>surb</strong></span> <span class='ocrx_word' id='word_1_8' title='bbox 363 305 508 388; x_wconf 80' lang='lat' dir='ltr'><strong>tantiam</strong></span> <span class='ocrx_word' id='word_1_9' title='bbox 531 317 711 415; x_wconf 85' lang='lat' dir='ltr'><strong>requirit,</strong></span> <span class='ocrx_word' id='word_1_10' title='bbox 734 333 775 389; x_wconf 88' lang='lat' dir='ltr'><strong>ut</strong></span> <span class='ocrx_word' id='word_1_11' title='bbox 804 318 873 416; x_wconf 83' lang='lat' dir='ltr'><strong>ipsi</strong></span> <span class='ocrx_word' id='word_1_12' title='bbox 894 318 994 413; x_wconf 85' lang='lat' dir='ltr'><strong>fidei</strong></span> <span class='ocrx_word' id='word_1_13' title='bbox 1006 313 1199 388; x_wconf 82' lang='lat' dir='ltr'><strong>rudrinenta</strong></span> <span class='ocrx_word' id='word_1_14' title='bbox 1218 312 1329 406; x_wconf 70' lang='lat' dir='ltr'><strong>edocti</strong></span> 
     </span>
     <span class='ocr_line' id='line_1_3' title="bbox 233 412 1325 511; baseline -0.003 -23"><span class='ocrx_word' id='word_1_15' title='bbox 233 413 388 510; x_wconf 85' lang='lat' dir='ltr'><strong>fuerint,</strong></span> <span class='ocrx_word' id='word_1_16' title='bbox 401 416 510 511; x_wconf 81' lang='lat' dir='ltr'><strong>legere</strong></span> <span class='ocrx_word' id='word_1_17' title='bbox 520 471 529 496; x_wconf 91' lang='lat'>‚</span> <span class='ocrx_word' id='word_1_18' title='bbox 539 432 575 485; x_wconf 88' lang='lat' dir='ltr'><strong>et</strong></span> <span class='ocrx_word' id='word_1_19' title='bbox 589 414 737 508; x_wconf 82' lang='lat' dir='ltr'><strong>scrt&#39;bere</strong></span> <span class='ocrx_word' id='word_1_20' title='bbox 751 416 874 487; x_wconf 84' lang='lat' dir='ltr'><strong>sciant.</strong></span> <span class='ocrx_word' id='word_1_21' title='bbox 891 442 975 489; x_wconf 86' lang='lat' dir='ltr'><strong>sess.</strong></span> <span class='ocrx_word' id='word_1_22' title='bbox 996 415 1054 489; x_wconf 84' lang='lat'><strong>23.</strong></span> <span class='ocrx_word' id='word_1_23' title='bbox 1071 442 1104 487; x_wconf 90' lang='lat' dir='ltr'><strong>c.</strong></span> <span class='ocrx_word' id='word_1_24' title='bbox 1120 417 1156 506; x_wconf 72' lang='grc'><strong>4.</strong></span> <span class='ocrx_word' id='word_1_25' title='bbox 1175 416 1246 487; x_wconf 91' lang='lat' dir='ltr'><strong>Pro</strong></span> <span class='ocrx_word' id='word_1_26' title='bbox 1262 412 1325 485; x_wconf 89' lang='lat' dir='ltr'><strong>ini·</strong></span> 
     </span>
     <span class='ocr_line' id='line_1_4' title="bbox 249 510 1325 610; baseline -0.006 -23"><span class='ocrx_word' id='word_1_27' title='bbox 249 511 382 587; x_wconf 85' lang='lat' dir='ltr'><strong>tiandis</strong></span> <span class='ocrx_word' id='word_1_28' title='bbox 395 510 595 585; x_wconf 83' lang='lat' dir='ltr'>Ordinibus</span> <span class='ocrx_word' id='word_1_29' title='bbox 614 512 830 600; x_wconf 89' lang='lat' dir='ltr'><strong>minoribus,</strong></span> <span class='ocrx_word' id='word_1_30' title='bbox 844 529 883 584; x_wconf 86' lang='lat' dir='ltr'><strong>nt</strong></span> <span class='ocrx_word' id='word_1_31' title='bbox 895 516 1040 585; x_wconf 80' lang='lat' dir='ltr'><strong>latinam</strong></span> <span class='ocrx_word' id='word_1_32' title='bbox 1056 514 1210 610; x_wconf 82' lang='lat' dir='ltr'><strong>linguam</strong></span> <span class='ocrx_word' id='word_1_33' title='bbox 1224 511 1325 581; x_wconf 80' lang='lat' dir='ltr'><strong>intel-</strong></span> 
     </span>
     <span class='ocr_line' id='line_1_5' title="bbox 240 608 1320 711; baseline -0.005 -27"><span class='ocrx_word' id='word_1_34' title='bbox 240 609 374 710; x_wconf 68' lang='lat' dir='ltr'><strong>ligant,</strong></span> <span class='ocrx_word' id='word_1_35' title='bbox 390 608 461 683; x_wconf 86' lang='lat' dir='ltr'><strong>loo.</strong></span> <span class='ocrx_word' id='word_1_36' title='bbox 476 616 539 684; x_wconf 89' lang='lat' dir='ltr'><strong>cit.</strong></span> <span class='ocrx_word' id='word_1_37' title='bbox 554 637 632 711; x_wconf 89' lang='lat' dir='ltr'><strong>cap.</strong></span> <span class='ocrx_word' id='word_1_38' title='bbox 652 637 707 706; x_wconf 86' lang='grc' dir='ltr'><strong>ιι.</strong></span> <span class='ocrx_word' id='word_1_39' title='bbox 724 613 795 684; x_wconf 88' lang='lat' dir='ltr'><strong>Pro</strong></span> <span class='ocrx_word' id='word_1_40' title='bbox 813 612 998 700; x_wconf 72' lang='lat' dir='ltr'><strong>initiandis</strong></span> <span class='ocrx_word' id='word_1_41' title='bbox 1025 612 1320 705; x_wconf 72' lang='lat' dir='ltr'><strong>subdiaconatu,</strong></span> 
     </span>
     <span class='ocr_line' id='line_1_6' title="bbox 250 708 1321 810; baseline -0.004 -30"><span class='ocrx_word' id='word_1_42' title='bbox 250 724 286 781; x_wconf 84' lang='lat' dir='ltr'><strong>et</strong></span> <span class='ocrx_word' id='word_1_43' title='bbox 300 709 502 802; x_wconf 86' lang='lat' dir='ltr'><strong>Diaeouatu</strong></span> <span class='ocrx_word' id='word_1_44' title='bbox 517 766 527 798; x_wconf 94' lang='lat'><strong>,</strong></span> <span class='ocrx_word' id='word_1_45' title='bbox 544 726 583 781; x_wconf 88' lang='lat' dir='ltr'><strong>at</strong></span> <span class='ocrx_word' id='word_1_46' title='bbox 600 710 672 781; x_wconf 79' lang='lat' dir='ltr'><strong>sint</strong></span> <span class='ocrx_word' id='word_1_47' title='bbox 687 710 832 795; x_wconf 73' lang='lat' dir='ltr'><strong>litteris,</strong></span> <span class='ocrx_word' id='word_1_48' title='bbox 852 728 889 782; x_wconf 89' lang='lat' dir='ltr'><strong>et</strong></span> <span class='ocrx_word' id='word_1_49' title='bbox 909 711 953 782; x_wconf 72' lang='lat' dir='ltr'><strong>r&#39;ir</strong></span> <span class='ocrx_word' id='word_1_50' title='bbox 981 736 1057 810; x_wconf 77' lang='lat' dir='ltr'><strong>qna</strong></span> <span class='ocrx_word' id='word_1_51' title='bbox 1085 712 1134 781; x_wconf 84' lang='lat' dir='ltr'><strong>arl</strong></span> <span class='ocrx_word' id='word_1_52' title='bbox 1161 708 1321 781; x_wconf 80' lang='lat' dir='ltr'><strong>Ordinem</strong></span> 
     </span>
     <span class='ocr_line' id='line_1_7' title="bbox 150 806 1322 914; baseline -0.002 -36"><span class='ocrx_word' id='word_1_53' title='bbox 150 895 156 914; x_wconf 32' lang='grc' dir='ltr'>ι</span> <span class='ocrx_word' id='word_1_54' title='bbox 248 808 483 879; x_wconf 74' lang='lat' dir='ltr'><strong>exercendam</strong></span> <span class='ocrx_word' id='word_1_55' title='bbox 506 806 703 904; x_wconf 80' lang='lat' dir='ltr'><strong>pertinent,</strong></span> <span class='ocrx_word' id='word_1_56' title='bbox 726 807 903 900; x_wconf 72' lang='lat' dir='ltr'><strong>abstracti,</strong></span> <span class='ocrx_word' id='word_1_57' title='bbox 928 834 962 884; x_wconf 88' lang='lat' dir='ltr'><strong>c.</strong></span> <span class='ocrx_word' id='word_1_58' title='bbox 990 809 1046 881; x_wconf 87' lang='lat'><strong>13.</strong></span> <span class='ocrx_word' id='word_1_59' title='bbox 1072 807 1233 881; x_wconf 83' lang='lat' dir='ltr'><strong>Demlrm</strong></span> <span class='ocrx_word' id='word_1_60' title='bbox 1260 830 1322 904; x_wconf 88' lang='lat' dir='ltr'><strong>pru</strong></span> 
     </span>
    </p>

    <p class='ocr_par' dir='ltr' id='par_1_2' title="bbox 245 903 1432 2285">
     <span class='ocr_line' id='line_1_8' title="bbox 249 903 1401 1004; baseline -0.005 -26"><span class='ocrx_word' id='word_1_61' title='bbox 249 903 437 980; x_wconf 82' lang='lat' dir='ltr'><strong>initiandis</strong></span> <span class='ocrx_word' id='word_1_62' title='bbox 475 905 708 991; x_wconf 82' lang='lat' dir='ltr'><strong>Sacerdotis,</strong></span> <span class='ocrx_word' id='word_1_63' title='bbox 744 922 782 977; x_wconf 83' lang='lat' dir='ltr'><strong>ut</strong></span> <span class='ocrx_word' id='word_1_64' title='bbox 814 906 886 1003; x_wconf 76' lang='lat' dir='ltr'><strong>ipsi</strong></span> <span class='ocrx_word' id='word_1_65' title='bbox 913 908 966 979; x_wconf 89' lang='lat' dir='ltr'><strong>ad</strong></span> <span class='ocrx_word' id='word_1_66' title='bbox 997 909 1165 1004; x_wconf 77' lang='lat' dir='ltr'><strong>papalum</strong></span> <span class='ocrx_word' id='word_1_67' title='bbox 1199 904 1325 992; x_wconf 52' lang='lat' dir='ltr'><strong>darauf</strong></span> <span class='ocrx_word' id='word_1_68' title='bbox 1399 935 1401 939; x_wconf 50' lang='lat'><em>⁴</em></span> 
     </span>
     <span class='ocr_line' id='line_1_9' title="bbox 247 1002 1322 1101; baseline -0.006 -24"><span class='ocrx_word' id='word_1_69' title='bbox 247 1007 336 1077; x_wconf 78' lang='lat' dir='ltr'><strong>dum</strong></span> <span class='ocrx_word' id='word_1_70' title='bbox 347 1029 389 1075; x_wconf 87' lang='lat' dir='ltr'><strong>ea</strong></span> <span class='ocrx_word' id='word_1_71' title='bbox 406 1028 481 1101; x_wconf 82' lang='lat' dir='ltr'><strong>qna</strong></span> <span class='ocrx_word' id='word_1_72' title='bbox 498 1004 587 1076; x_wconf 73' lang='lat' dir='ltr'><strong>serie</strong></span> <span class='ocrx_word' id='word_1_73' title='bbox 604 1002 764 1075; x_wconf 85' lang='lat' dir='ltr'><strong>omnz&#39;bus</strong></span> <span class='ocrx_word' id='word_1_74' title='bbox 779 1004 1013 1077; x_wconf 85' lang='lat' dir='ltr'><strong>necessaniem</strong></span> <span class='ocrx_word' id='word_1_75' title='bbox 1031 1021 1085 1075; x_wconf 85' lang='lat' dir='ltr'><strong>est</strong></span> <span class='ocrx_word' id='word_1_76' title='bbox 1096 1004 1322 1094; x_wconf 84' lang='lat' dir='ltr'><strong>adsalutem,</strong></span> 
     </span>
     <span class='ocr_line' id='line_1_10' title="bbox 248 1100 1324 1202; baseline -0.006 -27"><span class='ocrx_word' id='word_1_77' title='bbox 248 1128 293 1175; x_wconf 87' lang='lat' dir='ltr'><strong>ac</strong></span> <span class='ocrx_word' id='word_1_78' title='bbox 311 1104 360 1173; x_wconf 86' lang='lat' dir='ltr'><strong>ad</strong></span> <span class='ocrx_word' id='word_1_79' title='bbox 377 1100 606 1173; x_wconf 71' lang='lat' dir='ltr'><strong>manr&#39;stranda</strong></span> <span class='ocrx_word' id='word_1_80' title='bbox 623 1102 851 1175; x_wconf 78' lang='lat' dir='ltr'><em>Sacramenta</em></span> <span class='ocrx_word' id='word_1_81' title='bbox 872 1102 1030 1202; x_wconf 71' lang='lat' dir='ltr'><strong>diligenti</strong></span> <span class='ocrx_word' id='word_1_82' title='bbox 1050 1102 1217 1173; x_wconf 80' lang='lat' dir='ltr'><strong>examine</strong></span> <span class='ocrx_word' id='word_1_83' title='bbox 1233 1125 1324 1196; x_wconf 71' lang='lat' dir='ltr'><strong>pra-¹</strong></span> 
     </span>
     <span class='ocr_line' id='line_1_11' title="bbox 248 1198 1432 1300; baseline -0.002 -29"><span class='ocrx_word' id='word_1_84' title='bbox 248 1201 391 1272; x_wconf 85' lang='lat' dir='ltr'><em>cedente</em></span> <span class='ocrx_word' id='word_1_85' title='bbox 410 1199 529 1271; x_wconf 80' lang='lat' dir='ltr'><strong>idonei</strong></span> <span class='ocrx_word' id='word_1_86' title='bbox 542 1200 813 1291; x_wconf 77' lang='lat' dir='ltr'><strong>comprobentur.</strong></span> <span class='ocrx_word' id='word_1_87' title='bbox 831 1201 933 1274; x_wconf 90' lang='lat' dir='ltr'><strong>Idem</strong></span> <span class='ocrx_word' id='word_1_88' title='bbox 949 1201 1052 1275; x_wconf 88' lang='lat' dir='ltr'><strong>Trid.</strong></span> <span class='ocrx_word' id='word_1_89' title='bbox 1071 1228 1153 1299; x_wconf 85' lang='lat' dir='ltr'><strong>cap.</strong></span> <span class='ocrx_word' id='word_1_90' title='bbox 1176 1203 1232 1291; x_wconf 70' lang='lat' dir='ltr'><strong>sd.</strong></span> <span class='ocrx_word' id='word_1_91' title='bbox 1251 1198 1325 1269; x_wconf 85' lang='lat' dir='ltr'><strong>Ns-</strong></span> <span class='ocrx_word' id='word_1_92' title='bbox 1431 1241 1432 1300; x_wconf 47' lang='grc' dir='ltr'><strong>ι</strong></span> 
     </span>
     <span class='ocr_line' id='line_1_12' title="bbox 248 1296 1432 1392; baseline -0.008 -18"><span class='ocrx_word' id='word_1_93' title='bbox 248 1313 328 1374; x_wconf 87' lang='lat' dir='ltr'><strong>tent</strong></span> <span class='ocrx_word' id='word_1_94' title='bbox 344 1296 549 1372; x_wconf 89' lang='lat' dir='ltr'><strong>Ordinandi</strong></span> <span class='ocrx_word' id='word_1_95' title='bbox 563 1312 599 1371; x_wconf 90' lang='lat' dir='ltr'><strong>et</strong></span> <span class='ocrx_word' id='word_1_96' title='bbox 612 1297 829 1371; x_wconf 90' lang='lat' dir='ltr'><strong>Ordinantes</strong></span> <span class='ocrx_word' id='word_1_97' title='bbox 842 1299 951 1372; x_wconf 87' lang='lat' dir='ltr'><strong>verba</strong></span> <span class='ocrx_word' id='word_1_98' title='bbox 968 1300 1053 1392; x_wconf 84' lang='lat' dir='ltr'><strong>illa,</strong></span> <span class='ocrx_word' id='word_1_99' title='bbox 1069 1302 1119 1371; x_wconf 85' lang='lat' dir='ltr'><strong>ad</strong></span> <span class='ocrx_word' id='word_1_100' title='bbox 1130 1297 1324 1369; x_wconf 78' lang='lat' dir='ltr'><strong>menr&#39;stran·</strong></span> <span class='ocrx_word' id='word_1_101' title='bbox 1431 1305 1432 1380; x_wconf 72' lang='lat' dir='ltr'><strong>l</strong></span> 
     </span>
     <span class='ocr_line' id='line_1_13' title="bbox 247 1393 1324 1496; baseline 0 -28"><span class='ocrx_word' id='word_1_102' title='bbox 247 1397 295 1468; x_wconf 80' lang='lat' dir='ltr'><strong>da</strong></span> <span class='ocrx_word' id='word_1_103' title='bbox 312 1396 537 1473; x_wconf 85' lang='lat' dir='ltr'><em>Sacramenta</em></span> <span class='ocrx_word' id='word_1_104' title='bbox 554 1421 564 1488; x_wconf 89' lang='lat'>;</span> <span class='ocrx_word' id='word_1_105' title='bbox 582 1394 665 1468; x_wconf 82' lang='lat' dir='ltr'><strong>idei)</strong></span> <span class='ocrx_word' id='word_1_106' title='bbox 684 1398 781 1492; x_wconf 84' lang='lat' dir='ltr'><strong>enim</strong></span> <span class='ocrx_word' id='word_1_107' title='bbox 800 1395 929 1472; x_wconf 88' lang='lat' dir='ltr'><strong>dicunt</strong></span> <span class='ocrx_word' id='word_1_108' title='bbox 943 1398 1021 1472; x_wconf 88' lang='lat' dir='ltr'><strong>DD.</strong></span> <span class='ocrx_word' id='word_1_109' title='bbox 1043 1395 1142 1496; x_wconf 91' lang='lat' dir='ltr'><strong>quod</strong></span> <span class='ocrx_word' id='word_1_110' title='bbox 1160 1393 1324 1468; x_wconf 84' lang='lat' dir='ltr'><strong>initiandi</strong></span> 
     </span>
     <span class='ocr_line' id='line_1_14' title="bbox 249 1493 1323 1595; baseline -0.005 -27"><span class='ocrx_word' id='word_1_111' title='bbox 249 1494 296 1568; x_wconf 87' lang='lat' dir='ltr'><strong>ad</strong></span> <span class='ocrx_word' id='word_1_112' title='bbox 312 1493 561 1568; x_wconf 86' lang='lat' dir='ltr'><strong>Sacerdotium</strong></span> <span class='ocrx_word' id='word_1_113' title='bbox 580 1495 673 1568; x_wconf 86' lang='lat' dir='ltr'><strong>scire</strong></span> <span class='ocrx_word' id='word_1_114' title='bbox 689 1494 870 1581; x_wconf 89' lang='lat' dir='ltr'><strong>debeant,</strong></span> <span class='ocrx_word' id='word_1_115' title='bbox 888 1523 962 1569; x_wconf 90' lang='lat' dir='ltr'><strong>nou</strong></span> <span class='ocrx_word' id='word_1_116' title='bbox 979 1496 1101 1569; x_wconf 73' lang='lat' dir='ltr'><strong>solium</strong></span> <span class='ocrx_word' id='word_1_117' title='bbox 1116 1521 1200 1595; x_wconf 88' lang='lat' dir='ltr'><strong>quae</strong></span> <span class='ocrx_word' id='word_1_118' title='bbox 1214 1493 1323 1593; x_wconf 42' lang='lat' dir='ltr'><strong>pertis</strong></span> 
     </span>
     <span class='ocr_line' id='line_1_15' title="bbox 248 1590 1323 1693; baseline -0.004 -26"><span class='ocrx_word' id='word_1_119' title='bbox 248 1608 342 1674; x_wconf 86' lang='lat' dir='ltr'><strong>nent</strong></span> <span class='ocrx_word' id='word_1_120' title='bbox 355 1593 401 1666; x_wconf 91' lang='lat' dir='ltr'><strong>ad</strong></span> <span class='ocrx_word' id='word_1_121' title='bbox 417 1594 666 1693; x_wconf 88' lang='lat' dir='ltr'><strong>Baptismum,</strong></span> <span class='ocrx_word' id='word_1_122' title='bbox 686 1593 956 1667; x_wconf 73' lang='lat' dir='ltr'><strong>Eucharistiam</strong></span> <span class='ocrx_word' id='word_1_123' title='bbox 976 1610 1043 1668; x_wconf 85' lang='lat' dir='ltr'><strong>ete.</strong></span> <span class='ocrx_word' id='word_1_124' title='bbox 1066 1593 1132 1668; x_wconf 89' lang='lat' dir='ltr'><strong>sed</strong></span> <span class='ocrx_word' id='word_1_125' title='bbox 1152 1590 1323 1666; x_wconf 76' lang='lat' dir='ltr'><strong>etiamad</strong></span> 
     </span>
     <span class='ocr_line' id='line_1_16' title="bbox 247 1691 1323 1792; baseline -0.005 -25"><span class='ocrx_word' id='word_1_126' title='bbox 247 1692 505 1774; x_wconf 82' lang='lat' dir='ltr'><strong>Paenitentiam</strong></span> <span class='ocrx_word' id='word_1_127' title='bbox 520 1717 529 1780; x_wconf 88' lang='grc'>;</span> <span class='ocrx_word' id='word_1_128' title='bbox 550 1718 633 1764; x_wconf 90' lang='lat' dir='ltr'><strong>narn</strong></span> <span class='ocrx_word' id='word_1_129' title='bbox 654 1691 739 1766; x_wconf 88' lang='lat' dir='ltr'><strong>licet</strong></span> <span class='ocrx_word' id='word_1_130' title='bbox 753 1693 1063 1792; x_wconf 83' lang='lat' dir='ltr'><strong>Presbyterandus</strong></span> <span class='ocrx_word' id='word_1_131' title='bbox 1077 1718 1152 1766; x_wconf 88' lang='lat' dir='ltr'><strong>uon</strong></span> <span class='ocrx_word' id='word_1_132' title='bbox 1167 1691 1323 1789; x_wconf 82' lang='lat' dir='ltr'><strong>indigeat</strong></span> 
     </span>
     <span class='ocr_line' id='line_1_17' title="bbox 248 1789 1323 1892; baseline -0.004 -28"><span class='ocrx_word' id='word_1_133' title='bbox 248 1793 346 1864; x_wconf 71' lang='lat' dir='ltr'><strong>tanti</strong></span> <span class='ocrx_word' id='word_1_134' title='bbox 365 1791 539 1875; x_wconf 71' lang='lat' dir='ltr'><strong>scientia,</strong></span> <span class='ocrx_word' id='word_1_135' title='bbox 559 1793 631 1889; x_wconf 72' lang='lat' dir='ltr'><strong>qud</strong></span> <span class='ocrx_word' id='word_1_136' title='bbox 651 1792 790 1887; x_wconf 84' lang='lat' dir='ltr'><strong>indiget</strong></span> <span class='ocrx_word' id='word_1_137' title='bbox 808 1790 1055 1866; x_wconf 82' lang='lat' dir='ltr'><strong>Confessarius</strong></span> <span class='ocrx_word' id='word_1_138' title='bbox 1079 1789 1323 1892; x_wconf 87' lang='lat' dir='ltr'><strong>approbatus,</strong></span> 
     </span>
     <span class='ocr_line' id='line_1_18' title="bbox 249 1886 1327 1992; baseline -0.002 -31"><span class='ocrx_word' id='word_1_139' title='bbox 249 1886 360 1963; x_wconf 88' lang='lat' dir='ltr'><strong>debet</strong></span> <span class='ocrx_word' id='word_1_140' title='bbox 376 1904 495 1964; x_wconf 84' lang='lat' dir='ltr'><strong>tamen</strong></span> <span class='ocrx_word' id='word_1_141' title='bbox 513 1886 642 1961; x_wconf 72' lang='lat' dir='ltr'><strong>saltem</strong></span> <span class='ocrx_word' id='word_1_142' title='bbox 661 1895 754 1963; x_wconf 89' lang='lat' dir='ltr'><strong>scire</strong></span> <span class='ocrx_word' id='word_1_143' title='bbox 772 1889 987 1964; x_wconf 79' lang='lat' dir='ltr'><strong>universalia</strong></span> <span class='ocrx_word' id='word_1_144' title='bbox 1007 1890 1190 1992; x_wconf 84' lang='lat' dir='ltr'><strong>principia</strong></span> <span class='ocrx_word' id='word_1_145' title='bbox 1210 1915 1327 1984; x_wconf 24' lang='lat' dir='ltr'><strong>mora·-</strong></span> 
     </span>
     <span class='ocr_line' id='line_1_19' title="bbox 248 1985 1324 2087; baseline -0.005 -26"><span class='ocrx_word' id='word_1_146' title='bbox 248 1986 317 2069; x_wconf 87' lang='lat' dir='ltr'><strong>lia,</strong></span> <span class='ocrx_word' id='word_1_147' title='bbox 340 1988 474 2087; x_wconf 88' lang='lat' dir='ltr'><strong>quibus</strong></span> <span class='ocrx_word' id='word_1_148' title='bbox 496 1985 634 2060; x_wconf 88' lang='lat' dir='ltr'><strong>solvere</strong></span> <span class='ocrx_word' id='word_1_149' title='bbox 653 1989 768 2087; x_wconf 90' lang='lat' dir='ltr'><strong>possit</strong></span> <span class='ocrx_word' id='word_1_150' title='bbox 791 1987 905 2062; x_wconf 89' lang='lat' dir='ltr'><strong>dubia</strong></span> <span class='ocrx_word' id='word_1_151' title='bbox 929 1989 1176 2063; x_wconf 84' lang='lat' dir='ltr'><strong>cummuniter</strong></span> <span class='ocrx_word' id='word_1_152' title='bbox 1197 2012 1324 2074; x_wconf 16' lang='lat' dir='ltr'><strong>occur·-</strong></span> 
     </span>
     <span class='ocr_line' id='line_1_20' title="bbox 245 2082 1323 2186; baseline 0 -28"><span class='ocrx_word' id='word_1_153' title='bbox 245 2086 362 2159; x_wconf 90' lang='lat' dir='ltr'><strong>rentia</strong></span> <span class='ocrx_word' id='word_1_154' title='bbox 380 2084 427 2160; x_wconf 85' lang='lat' dir='ltr'><strong>¹in</strong></span> <span class='ocrx_word' id='word_1_155' title='bbox 453 2112 538 2184; x_wconf 80' lang='lat' dir='ltr'><strong>casu</strong></span> <span class='ocrx_word' id='word_1_156' title='bbox 564 2088 810 2177; x_wconf 80' lang='lat' dir='ltr'><strong>necessitatis,</strong></span> <span class='ocrx_word' id='word_1_157' title='bbox 839 2114 913 2186; x_wconf 90' lang='lat' dir='ltr'><strong>quo</strong></span> <span class='ocrx_word' id='word_1_158' title='bbox 941 2102 1087 2162; x_wconf 88' lang='lat' dir='ltr'><strong>tenetur</strong></span> <span class='ocrx_word' id='word_1_159' title='bbox 1112 2082 1323 2159; x_wconf 87' lang='lat' dir='ltr'><strong>moribundi</strong></span> 
     </span>
     <span class='ocr_line' id='line_1_21' title="bbox 248 2182 1394 2285; baseline -0.003 -28"><span class='ocrx_word' id='word_1_160' title='bbox 248 2182 1322 2285; x_wconf 51' lang='lat' dir='ltr'><strong>&amp;mmmmmmmnsfflfflmmmmm</strong></span> <span class='ocrx_word' id='word_1_161' title='bbox 1391 2237 1394 2247; x_wconf 88' lang='lat'><em>.</em></span> 
     </span>
    </p>

    <p class='ocr_par' dir='ltr' id='par_1_3' title="bbox 180 2213 1322 2382">
     <span class='ocr_line' id='line_1_22' title="bbox 180 2213 1322 2382; baseline -0.001 -27"><span class='ocrx_word' id='word_1_162' title='bbox 180 2277 184 2285; x_wconf 69' lang='grc'><strong>’</strong></span> <span class='ocrx_word' id='word_1_163' title='bbox 246 2295 412 2369; x_wconf 88' lang='lat' dir='ltr'><strong>tenetur,</strong></span> <span class='ocrx_word' id='word_1_164' title='bbox 425 2280 610 2382; x_wconf 84' lang='lat' dir='ltr'><strong>quomodb</strong></span> <span class='ocrx_word' id='word_1_165' title='bbox 620 2310 656 2355; x_wconf 88' lang='lat' dir='ltr'><strong>se</strong></span> <span class='ocrx_word' id='word_1_166' title='bbox 666 2309 789 2382; x_wconf 84' lang='lat' dir='ltr'><strong>gerere</strong></span> <span class='ocrx_word' id='word_1_167' title='bbox 801 2213 1021 2359; x_wconf 80' lang='lat' dir='ltr'><strong>deleatcum</strong></span> <span class='ocrx_word' id='word_1_168' title='bbox 1033 2281 1206 2357; x_wconf 84' lang='lat' dir='ltr'><strong>fidelibus</strong></span> <span class='ocrx_word' id='word_1_169' title='bbox 1220 2282 1322 2355; x_wconf 87' lang='lat' dir='ltr'><strong>morti</strong></span> 
     </span>
    </p>

    <p class='ocr_par' dir='ltr' id='par_1_4' title="bbox 183 2379 1327 3269">
     <span class='ocr_line' id='line_1_23' title="bbox 183 2379 1320 2481; baseline -0.003 -28"><span class='ocrx_word' id='word_1_170' title='bbox 183 2443 188 2453; x_wconf 90' lang='lat'><strong>.</strong></span> <span class='ocrx_word' id='word_1_171' title='bbox 247 2382 421 2479; x_wconf 82' lang='lat' dir='ltr'><strong>proximis</strong></span> <span class='ocrx_word' id='word_1_172' title='bbox 436 2380 569 2479; x_wconf 73' lang='lat' dir='ltr'><strong>nempe</strong></span> <span class='ocrx_word' id='word_1_173' title='bbox 588 2409 616 2454; x_wconf 90' lang='grc' dir='ltr'><strong>ι.</strong></span> <span class='ocrx_word' id='word_1_174' title='bbox 629 2379 788 2474; x_wconf 86' lang='lat' dir='ltr'><strong>Quandb</strong></span> <span class='ocrx_word' id='word_1_175' title='bbox 802 2385 912 2481; x_wconf 87' lang='lat' dir='ltr'><strong>possit</strong></span> <span class='ocrx_word' id='word_1_176' title='bbox 925 2382 1200 2477; x_wconf 86' lang='lat' dir='ltr'><strong>eosabsolvere,</strong></span> <span class='ocrx_word' id='word_1_177' title='bbox 1215 2380 1320 2466; x_wconf 76' lang='lat' dir='ltr'><strong>etilm</strong></span> 
     </span>
     <span class='ocr_line' id='line_1_24' title="bbox 245 2478 1327 2604; baseline -0.003 -51"><span class='ocrx_word' id='word_1_178' title='bbox 245 2481 285 2553; x_wconf 92' lang='lat' dir='ltr'><strong>in</strong></span> <span class='ocrx_word' id='word_1_179' title='bbox 303 2482 496 2604; x_wconf 82' lang='lat' dir='ltr'><strong>praesentia</strong></span> <span class='ocrx_word' id='word_1_180' title='bbox 511 2479 718 2554; x_wconf 84' lang='lat' dir='ltr'><strong>Confessari</strong></span> <span class='ocrx_word' id='word_1_181' title='bbox 738 2480 955 2584; x_wconf 83' lang='lat' dir='ltr'><strong>approbati?</strong></span> <span class='ocrx_word' id='word_1_182' title='bbox 978 2479 1010 2555; x_wconf 61' lang='lat'><strong>2}</strong></span> <span class='ocrx_word' id='word_1_183' title='bbox 1035 2480 1195 2575; x_wconf 70' lang='lat' dir='ltr'><strong>Quando</strong></span> <span class='ocrx_word' id='word_1_184' title='bbox 1221 2478 1327 2576; x_wconf 58' lang='lat' dir='ltr'><strong>abso·⁸</strong></span> 
     </span>
     <span class='ocr_line' id='line_1_25' title="bbox 247 2576 1323 2678; baseline -0.001 -27"><span class='ocrx_word' id='word_1_185' title='bbox 247 2576 352 2665; x_wconf 86' lang='lat' dir='ltr'><strong>late,</strong></span> <span class='ocrx_word' id='word_1_186' title='bbox 377 2594 413 2652; x_wconf 88' lang='lat' dir='ltr'><strong>et</strong></span> <span class='ocrx_word' id='word_1_187' title='bbox 436 2577 586 2678; x_wconf 79' lang='lat' dir='ltr'><strong>quandb</strong></span> <span class='ocrx_word' id='word_1_188' title='bbox 608 2579 886 2658; x_wconf 74' lang='lat' dir='ltr'><strong>conditionate?</strong></span> <span class='ocrx_word' id='word_1_189' title='bbox 911 2581 947 2655; x_wconf 83' lang='lat'><strong>3.</strong></span> <span class='ocrx_word' id='word_1_190' title='bbox 970 2585 1028 2654; x_wconf 82' lang='lat' dir='ltr'><strong>An</strong></span> <span class='ocrx_word' id='word_1_191' title='bbox 1051 2606 1126 2652; x_wconf 89' lang='lat' dir='ltr'><strong>non</strong></span> <span class='ocrx_word' id='word_1_192' title='bbox 1147 2577 1268 2652; x_wconf 73' lang='lat' dir='ltr'><strong>solium</strong></span> <span class='ocrx_word' id='word_1_193' title='bbox 1287 2577 1323 2650; x_wconf 90' lang='lat' dir='ltr'><strong>in</strong></span> 
     </span>
     <span class='ocr_line' id='line_1_26' title="bbox 238 2675 1322 2779; baseline -0.001 -30"><span class='ocrx_word' id='word_1_194' title='bbox 238 2675 403 2750; x_wconf 82' lang='lat' dir='ltr'><strong>articulo</strong></span> <span class='ocrx_word' id='word_1_195' title='bbox 415 2676 504 2767; x_wconf 77' lang='lat' dir='ltr'><strong>,sed</strong></span> <span class='ocrx_word' id='word_1_196' title='bbox 519 2679 627 2749; x_wconf 70' lang='lat' dir='ltr'><strong>etiem</strong></span> <span class='ocrx_word' id='word_1_197' title='bbox 646 2680 682 2750; x_wconf 91' lang='lat' dir='ltr'><strong>iu</strong></span> <span class='ocrx_word' id='word_1_198' title='bbox 701 2676 866 2777; x_wconf 85' lang='lat' dir='ltr'><strong>periculo</strong></span> <span class='ocrx_word' id='word_1_199' title='bbox 881 2680 1032 2774; x_wconf 80' lang='lat' dir='ltr'><strong>mortis,</strong></span> <span class='ocrx_word' id='word_1_200' title='bbox 1046 2692 1083 2751; x_wconf 89' lang='lat' dir='ltr'><strong>et</strong></span> <span class='ocrx_word' id='word_1_201' title='bbox 1098 2680 1135 2750; x_wconf 90' lang='lat' dir='ltr'><strong>in</strong></span> <span class='ocrx_word' id='word_1_202' title='bbox 1151 2676 1254 2779; x_wconf 85' lang='lat' dir='ltr'><strong>quali</strong></span> <span class='ocrx_word' id='word_1_203' title='bbox 1267 2702 1322 2776; x_wconf 55' lang='lat' dir='ltr'><strong>pe&lt;</strong></span> 
     </span>
     <span class='ocr_line' id='line_1_27' title="bbox 247 2773 1319 2876; baseline -0.002 -28"><span class='ocrx_word' id='word_1_204' title='bbox 247 2775 389 2852; x_wconf 82' lang='lat' dir='ltr'><strong>riculo?</strong></span> <span class='ocrx_word' id='word_1_205' title='bbox 404 2779 439 2869; x_wconf 75' lang='grc'><strong>4.</strong></span> <span class='ocrx_word' id='word_1_206' title='bbox 459 2774 557 2869; x_wconf 90' lang='lat' dir='ltr'><strong>Quid</strong></span> <span class='ocrx_word' id='word_1_207' title='bbox 583 2773 712 2848; x_wconf 87' lang='lat' dir='ltr'><strong>debeat</strong></span> <span class='ocrx_word' id='word_1_208' title='bbox 735 2777 924 2876; x_wconf 87' lang='lat' dir='ltr'><strong>imponere</strong></span> <span class='ocrx_word' id='word_1_209' title='bbox 943 2778 1116 2874; x_wconf 88' lang='lat' dir='ltr'><strong>infirmo,</strong></span> <span class='ocrx_word' id='word_1_210' title='bbox 1136 2780 1166 2848; x_wconf 87' lang='lat' dir='ltr'><strong>si</strong></span> <span class='ocrx_word' id='word_1_211' title='bbox 1191 2775 1319 2849; x_wconf 88' lang='lat' dir='ltr'><strong>babeat</strong></span> 
     </span>
     <span class='ocr_line' id='line_1_28' title="bbox 246 2872 1319 2975; baseline -0.003 -28"><span class='ocrx_word' id='word_1_212' title='bbox 246 2900 351 2948; x_wconf 89' lang='lat' dir='ltr'><strong>casus</strong></span> <span class='ocrx_word' id='word_1_213' title='bbox 365 2874 609 2964; x_wconf 78' lang='lat' dir='ltr'><strong>velnensuras</strong></span> <span class='ocrx_word' id='word_1_214' title='bbox 626 2891 819 2947; x_wconf 77' lang='lat' dir='ltr'><strong>reservatas</strong></span> <span class='ocrx_word' id='word_1_215' title='bbox 833 2874 977 2966; x_wconf 67' lang='lat' dir='ltr'><strong>lvide,</strong></span> <span class='ocrx_word' id='word_1_216' title='bbox 995 2902 1076 2975; x_wconf 84' lang='lat' dir='ltr'><strong>quae</strong></span> <span class='ocrx_word' id='word_1_217' title='bbox 1092 2873 1187 2948; x_wconf 75' lang='lat' dir='ltr'><strong>inira</strong></span> <span class='ocrx_word' id='word_1_218' title='bbox 1203 2872 1319 2947; x_wconf 84' lang='lat' dir='ltr'><strong>breri-</strong></span> 
     </span>
     <span class='ocr_line' id='line_1_29' title="bbox 247 2970 1318 3071; baseline -0.003 -25"><span class='ocrx_word' id='word_1_219' title='bbox 247 2985 303 3046; x_wconf 89' lang='lat' dir='ltr'><strong>ter</strong></span> <span class='ocrx_word' id='word_1_220' title='bbox 326 2996 435 3071; x_wconf 89' lang='lat' dir='ltr'><strong>super</strong></span> <span class='ocrx_word' id='word_1_221' title='bbox 457 2971 525 3046; x_wconf 86' lang='lat' dir='ltr'><strong>bac</strong></span> <span class='ocrx_word' id='word_1_222' title='bbox 554 2970 775 3069; x_wconf 80' lang='lat' dir='ltr'><strong>obligatione</strong></span> <span class='ocrx_word' id='word_1_223' title='bbox 797 2972 966 3047; x_wconf 86' lang='lat' dir='ltr'><strong>dicentur</strong></span> <span class='ocrx_word' id='word_1_224' title='bbox 986 3001 1022 3047; x_wconf 91' lang='lat' dir='ltr'><strong>n.</strong></span> <span class='ocrx_word' id='word_1_225' title='bbox 1046 2970 1318 3050; x_wconf 68' lang='lat' dir='ltr'><strong>r3oL‘Caeterirm</strong></span> 
     </span>
     <span class='ocr_line' id='line_1_30' title="bbox 248 3071 1319 3170; baseline -0.002 -27"><span class='ocrx_word' id='word_1_226' title='bbox 248 3084 367 3170; x_wconf 88' lang='lat' dir='ltr'><strong>potest</strong></span> <span class='ocrx_word' id='word_1_227' title='bbox 378 3072 586 3170; x_wconf 85' lang='lat' dir='ltr'><strong>Episcopus</strong></span> <span class='ocrx_word' id='word_1_228' title='bbox 598 3075 619 3143; x_wconf 73' lang='lat' dir='ltr'><strong>a</strong></span> <span class='ocrx_word' id='word_1_229' title='bbox 635 3071 710 3142; x_wconf 88' lang='lat' dir='ltr'><strong>suis</strong></span> <span class='ocrx_word' id='word_1_230' title='bbox 722 3074 898 3170; x_wconf 88' lang='lat' dir='ltr'><strong>majorem</strong></span> <span class='ocrx_word' id='word_1_231' title='bbox 911 3071 1123 3162; x_wconf 88' lang='lat' dir='ltr'><strong>seientiam,</strong></span> <span class='ocrx_word' id='word_1_232' title='bbox 1167 3094 1319 3145; x_wconf 86' lang='lat' dir='ltr'><strong>uamre·</strong></span> 
     </span>
     <span class='ocr_line' id='line_1_31' title="bbox 250 3099 1318 3269; baseline -0.001 -27"><span class='ocrx_word' id='word_1_233' title='bbox 250 3169 362 3269; x_wconf 90' lang='lat' dir='ltr'><strong>quirit</strong></span> <span class='ocrx_word' id='word_1_234' title='bbox 376 3168 805 3269; x_wconf 85' lang='lat' dir='ltr'><strong>Concilium,requirere</strong></span> <span class='ocrx_word' id='word_1_235' title='bbox 819 3169 867 3266; x_wconf 89' lang='lat' dir='ltr'><strong>(l.</strong></span> <span class='ocrx_word' id='word_1_236' title='bbox 881 3169 953 3244; x_wconf 90' lang='lat' dir='ltr'><strong>6n.</strong></span> <span class='ocrx_word' id='word_1_237' title='bbox 970 3193 1051 3269; x_wconf 80' lang='lat'><strong>792.</strong></span> <span class='ocrx_word' id='word_1_238' title='bbox 1064 3197 1099 3248; x_wconf 80' lang='lat' dir='ltr'><strong>r.</strong></span> <span class='ocrx_word' id='word_1_239' title='bbox 1110 3099 1256 3245; x_wconf 75' lang='lat' dir='ltr'><strong>Advert.</strong></span> <span class='ocrx_word' id='word_1_240' title='bbox 1272 3166 1318 3263; x_wconf 81' lang='lat' dir='ltr'><strong>a.)</strong></span> 
     </span>
    </p>

    <p class='ocr_par' dir='ltr' id='par_1_5' title="bbox 187 3266 1354 4061">
     <span class='ocr_line' id='line_1_32' title="bbox 187 3266 1317 3369; baseline -0.004 -29"><span class='ocrx_word' id='word_1_241' title='bbox 187 3308 223 3367; x_wconf 55' lang='grc' dir='ltr'><strong>η</strong></span> <span class='ocrx_word' id='word_1_242' title='bbox 295 3268 435 3340; x_wconf 73' lang='lat' dir='ltr'><strong>Verium</strong></span> <span class='ocrx_word' id='word_1_243' title='bbox 449 3270 485 3339; x_wconf 88' lang='lat' dir='ltr'><strong>iu</strong></span> <span class='ocrx_word' id='word_1_244' title='bbox 496 3266 733 3364; x_wconf 86' lang='lat' dir='ltr'><strong>Regularibus</strong></span> <span class='ocrx_word' id='word_1_245' title='bbox 749 3267 903 3343; x_wconf 85' lang='lat' dir='ltr'><strong>addictis</strong></span> <span class='ocrx_word' id='word_1_246' title='bbox 916 3269 996 3342; x_wconf 80' lang='lat' dir='ltr'><strong>vitae</strong></span> <span class='ocrx_word' id='word_1_247' title='bbox 1009 3267 1317 3369; x_wconf 75' lang='lat' dir='ltr'><strong>contemplativa,</strong></span> 
     </span>
     <span class='ocr_line' id='line_1_33' title="bbox 247 3363 1317 3482; baseline -0.001 -44"><span class='ocrx_word' id='word_1_248' title='bbox 247 3365 303 3439; x_wconf 82' lang='lat' dir='ltr'><strong>vel</strong></span> <span class='ocrx_word' id='word_1_249' title='bbox 329 3363 471 3482; x_wconf 56' lang='lat' dir='ltr'><strong>tantiam</strong></span> <span class='ocrx_word' id='word_1_250' title='bbox 501 3365 632 3449; x_wconf 87' lang='lat' dir='ltr'><strong>choro,</strong></span> <span class='ocrx_word' id='word_1_251' title='bbox 660 3380 696 3464; x_wconf 87' lang='lat' dir='ltr'><strong>et</strong></span> <span class='ocrx_word' id='word_1_252' title='bbox 734 3364 859 3454; x_wconf 89' lang='lat' dir='ltr'><strong>altari,</strong></span> <span class='ocrx_word' id='word_1_253' title='bbox 890 3367 945 3440; x_wconf 82' lang='lat' dir='ltr'><strong>nel</strong></span> <span class='ocrx_word' id='word_1_254' title='bbox 980 3365 1176 3457; x_wconf 75' lang='lat' dir='ltr'><strong>sacristiae,</strong></span> <span class='ocrx_word' id='word_1_255' title='bbox 1204 3368 1317 3438; x_wconf 85' lang='lat' dir='ltr'><strong>minor</strong></span> 
     </span>
     <span class='ocr_line' id='line_1_34' title="bbox 246 3464 1316 3565; baseline -0.003 -27"><span class='ocrx_word' id='word_1_256' title='bbox 246 3466 397 3539; x_wconf 77' lang='lat' dir='ltr'><strong>scientia</strong></span> <span class='ocrx_word' id='word_1_257' title='bbox 414 3465 637 3563; x_wconf 86' lang='lat' dir='ltr'><strong>requiritur,</strong></span> <span class='ocrx_word' id='word_1_258' title='bbox 655 3464 767 3537; x_wconf 80' lang='lat' dir='ltr'><strong>modb</strong></span> <span class='ocrx_word' id='word_1_259' title='bbox 784 3465 901 3539; x_wconf 84' lang='lat' dir='ltr'><strong>sciant</strong></span> <span class='ocrx_word' id='word_1_260' title='bbox 918 3479 1088 3565; x_wconf 85' lang='lat' dir='ltr'><strong>praestare</strong></span> <span class='ocrx_word' id='word_1_261' title='bbox 1108 3492 1189 3564; x_wconf 75' lang='lat' dir='ltr'><strong>quae</strong></span> <span class='ocrx_word' id='word_1_262' title='bbox 1208 3464 1316 3564; x_wconf 88' lang='lat' dir='ltr'><strong>perti·</strong></span> 
     </span>
     <span class='ocr_line' id='line_1_35' title="bbox 246 3562 1354 3654; baseline -0.003 -18"><span class='ocrx_word' id='word_1_263' title='bbox 246 3578 338 3636; x_wconf 90' lang='lat' dir='ltr'><strong>nent</strong></span> <span class='ocrx_word' id='word_1_264' title='bbox 354 3563 402 3635; x_wconf 89' lang='lat' dir='ltr'><strong>ad</strong></span> <span class='ocrx_word' id='word_1_265' title='bbox 420 3562 570 3637; x_wconf 91' lang='lat' dir='ltr'><strong>Ordinis</strong></span> <span class='ocrx_word' id='word_1_266' title='bbox 584 3565 818 3654; x_wconf 66' lang='lat' dir='ltr'><strong>exercitium</strong></span> <span class='ocrx_word' id='word_1_267' title='bbox 836 3580 872 3638; x_wconf 91' lang='lat' dir='ltr'><strong>et</strong></span> <span class='ocrx_word' id='word_1_268' title='bbox 885 3562 969 3638; x_wconf 81' lang='lat' dir='ltr'><strong>ideb</strong></span> <span class='ocrx_word' id='word_1_269' title='bbox 984 3562 1112 3639; x_wconf 75' lang='lat' dir='ltr'><strong>saltem</strong></span> <span class='ocrx_word' id='word_1_270' title='bbox 1130 3566 1316 3639; x_wconf 85' lang='lat' dir='ltr'><strong>Gramma·</strong></span> <span class='ocrx_word' id='word_1_271' title='bbox 1351 3620 1354 3623; x_wconf 82' lang='lat'><strong>.</strong></span> 
     </span>
     <span class='ocr_line' id='line_1_36' title="bbox 246 3658 1314 3762; baseline -0.002 -27"><span class='ocrx_word' id='word_1_272' title='bbox 246 3663 357 3737; x_wconf 86' lang='lat' dir='ltr'><strong>ticam</strong></span> <span class='ocrx_word' id='word_1_273' title='bbox 370 3658 505 3736; x_wconf 88' lang='lat' dir='ltr'><strong>debent</strong></span> <span class='ocrx_word' id='word_1_274' title='bbox 516 3688 592 3735; x_wconf 85' lang='lat' dir='ltr'><strong>esse</strong></span> <span class='ocrx_word' id='word_1_275' title='bbox 607 3662 741 3753; x_wconf 88' lang='lat' dir='ltr'><strong>edocti,</strong></span> <span class='ocrx_word' id='word_1_276' title='bbox 755 3663 842 3736; x_wconf 78' lang='lat' dir='ltr'><strong>alias</strong></span> <span class='ocrx_word' id='word_1_277' title='bbox 856 3681 961 3737; x_wconf 87' lang='lat' dir='ltr'><strong>eruut</strong></span> <span class='ocrx_word' id='word_1_278' title='bbox 974 3661 1201 3762; x_wconf 84' lang='lat' dir='ltr'><strong>irregulares,</strong></span> <span class='ocrx_word' id='word_1_279' title='bbox 1212 3663 1314 3733; x_wconf 73' lang='lat' dir='ltr'><strong>etitm</strong></span> 
     </span>
     <span class='ocr_line' id='line_1_37' title="bbox 248 3757 1314 3862; baseline -0.005 -26"><span class='ocrx_word' id='word_1_280' title='bbox 248 3759 296 3836; x_wconf 87' lang='lat' dir='ltr'><strong>de</strong></span> <span class='ocrx_word' id='word_1_281' title='bbox 321 3766 399 3857; x_wconf 79' lang='lat' dir='ltr'><strong>jure</strong></span> <span class='ocrx_word' id='word_1_282' title='bbox 420 3757 568 3852; x_wconf 84' lang='lat' dir='ltr'><strong>divino,</strong></span> <span class='ocrx_word' id='word_1_283' title='bbox 588 3761 637 3833; x_wconf 78' lang='lat' dir='ltr'><strong>ita</strong></span> <span class='ocrx_word' id='word_1_284' title='bbox 656 3774 696 3833; x_wconf 88' lang='lat' dir='ltr'><strong>ut</strong></span> <span class='ocrx_word' id='word_1_285' title='bbox 717 3787 786 3833; x_wconf 87' lang='lat' dir='ltr'><strong>uec</strong></span> <span class='ocrx_word' id='word_1_286' title='bbox 804 3762 903 3859; x_wconf 86' lang='lat' dir='ltr'><strong>Papa</strong></span> <span class='ocrx_word' id='word_1_287' title='bbox 923 3776 1043 3862; x_wconf 87' lang='lat' dir='ltr'><strong>posset</strong></span> <span class='ocrx_word' id='word_1_288' title='bbox 1062 3757 1148 3836; x_wconf 74' lang='lat' dir='ltr'><strong>c&#39;um</strong></span> <span class='ocrx_word' id='word_1_289' title='bbox 1162 3759 1219 3834; x_wconf 64' lang='lat' dir='ltr'><strong>&#39;eis</strong></span> <span class='ocrx_word' id='word_1_290' title='bbox 1246 3759 1314 3831; x_wconf 92' lang='lat' dir='ltr'><strong>dis·</strong></span> 
     </span>
     <span class='ocr_line' id='line_1_38' title="bbox 247 3858 1313 3958; baseline -0.004 -26"><span class='ocrx_word' id='word_1_291' title='bbox 247 3881 417 3958; x_wconf 84' lang='lat' dir='ltr'><strong>pensare.¹</strong></span> <span class='ocrx_word' id='word_1_292' title='bbox 432 3858 517 3931; x_wconf 86' lang='lat' dir='ltr'><strong>Haec</strong></span> <span class='ocrx_word' id='word_1_293' title='bbox 542 3874 664 3931; x_wconf 90' lang='lat' dir='ltr'><strong>tamen</strong></span> <span class='ocrx_word' id='word_1_294' title='bbox 684 3858 950 3958; x_wconf 85' lang='lat' dir='ltr'><strong>irregularitas,</strong></span> <span class='ocrx_word' id='word_1_295' title='bbox 967 3858 1108 3934; x_wconf 74' lang='lat' dir='ltr'><strong>sublatd</strong></span> <span class='ocrx_word' id='word_1_296' title='bbox 1133 3862 1239 3932; x_wconf 67' lang='lat' dir='ltr'><strong>eausa</strong></span> <span class='ocrx_word' id='word_1_297' title='bbox 1260 3858 1313 3953; x_wconf 81' lang='lat' dir='ltr'><strong>ig·</strong></span> 
     </span>
     <span class='ocr_line' id='line_1_39' title="bbox 245 3955 1310 4061; baseline 0 -31"><span class='ocrx_word' id='word_1_298' title='bbox 245 3959 443 4044; x_wconf 87' lang='lat' dir='ltr'><strong>norantiae,</strong></span> <span class='ocrx_word' id='word_1_299' title='bbox 470 3955 608 4057; x_wconf 85' lang='lat' dir='ltr'><strong>absque</strong></span> <span class='ocrx_word' id='word_1_300' title='bbox 631 3957 901 4061; x_wconf 86' lang='lat' dir='ltr'><strong>dispensatione</strong></span> <span class='ocrx_word' id='word_1_301' title='bbox 918 3958 971 4058; x_wconf 11' lang='lat' dir='ltr'><strong>yde</strong></span> <span class='ocrx_word' id='word_1_302' title='bbox 995 3982 1035 4038; x_wconf 81' lang='lat' dir='ltr'><strong>se</strong></span> <span class='ocrx_word' id='word_1_303' title='bbox 1059 3957 1220 4036; x_wconf 84' lang='lat' dir='ltr'><strong>aufertur</strong></span> <span class='ocrx_word' id='word_1_304' title='bbox 1243 3957 1310 4057; x_wconf 82' lang='lat' dir='ltr'><strong>(u.</strong></span> 
     </span>
    </p>
   </div>
   <div class='ocr_carea' id='block_1_2' title="bbox 207 4055 604 4166">
    <p class='ocr_par' dir='ltr' id='par_1_6' title="bbox 207 4055 604 4166">
     <span class='ocr_line' id='line_1_40' title="bbox 207 4055 604 4166; baseline 0.01 -37"><span class='ocrx_word' id='word_1_305' title='bbox 207 4055 212 4074; x_wconf 74' lang='lat'>²</span> <span class='ocrx_word' id='word_1_306' title='bbox 246 4056 604 4166; x_wconf 57' lang='lat' dir='ltr'><strong>791,er.2et3‚)e</strong></span> 
     </span>
    </p>
   </div>
   <div class='ocr_carea' id='block_1_3' title="bbox 0 0 1476 4717">
    <p class='ocr_par' dir='ltr' id='par_1_7' title="bbox 0 0 1476 4717">
     <span class='ocr_line' id='line_1_41' title="bbox 0 0 1476 4717; baseline 0 0"><span class='ocrx_word' id='word_1_307' title='bbox 0 0 1476 4717; x_wconf 95' lang='lat' dir='ltr'><strong> </strong></span> 
     </span>
    </p>
   </div>
  </div>
 </body>
</html>
