2942 4717
374 349 398 435 ς
410 346 469 415 Ν.
486 344 578 414 Cireb
594 309 895 415 tudiciiofficiunr.
1141 346 1182 417 51

117 477 182 533 tem
196 458 355 533 securior
368 463 411 530 'iu
428 458 531 531 omni
547 472 717 531 votorum
737 483 870 555 genere
888 457 958 533 erit
977 460 1185 559 frequentia

116 562 427 633 Saemmenmrum.
442 555 569 650 (Num.
588 557 686 650 243).
705 558 892 643 Advertat,
906 572 987 644 rota
1007 574 1185 659 perpetua

185 683 204 731 e
220 657 442 729 commutari
462 658 501 728 in
520 653 759 753 temporalia3
780 654 985 731 dummodo
1004 658 1100 732 adsit
1118 656 1186 731 de·

115 684 407 855 litiproportim
423 768 461 827 et
475 752 527 827 sic
543 758 654 826 etiem
669 751 779 825 realia
796 769 951 852 possunt
965 757 1186 832 commutari

117 855 151 925 in
166 854 388 954 personalia;
411 868 447 926 et
469 857 595 926 contra
616 853 823 951 personalia
843 854 882 926 in
905 854 1010 926 realia
1033 855 1185 948 (Ltus

123 979 153 1025 n.
167 955 221 1048 alp
242 951 536 1042 v.Notandum).
557 949 764 1052 Loquendo
782 966 904 1036 autem
922 953 968 1026 de
985 953 1186 1053 Dispensa-

121 1051 211 1138 tone,
226 1051 277 1123 ad
297 1049 393 1124 hanc
410 1050 610 1150 requiritur
624 1074 732 1126 causa
749 1056 910 1150 gravior.
931 1051 1108 1126 nimiriu'n
1126 1077 1187 1151 pe-

115 1148 259 1222 riculum
275 1149 414 1247 grande
428 1150 742 1245 transgressionis,
754 1176 882 1247 magna
896 1148 1093 1225 difficultas
1107 1175 1188 1224 exe·

111 1248 276 1338 cationis,
301 1246 449 1333 levitas,
473 1264 535 1320 aut
556 1248 769 1347 imperfecta
789 1247 1005 1321 deliberatio
1029 1253 1103 1349 qul
1122 1275 1188 1323 ro·

110 1359 177 1417 tum
197 1351 374 1420 emissum
398 1361 452 1421 est
475 1346 615 1444 (Num.
646 1348 715 1421 aba
740 1361 776 1420 et
804 1349 907 1443 253).
935 1345 1187 1422 Nihilominus

108 1468 243 1541 semper
261 1444 450 1519 laudabile
468 1446 536 1518 erit
553 1445 753 1543 adjungere
768 1445 983 1540 hujusmodi
1000 1446 1188 1546 dispensa·

106 1523 260 1615 tionibu's
280 1542 445 1644 aliquam
461 1545 800 1617 commutationem.
818 1541 882 1618 Hae
896 1559 1018 1617 autem
1033 1547 1188 1647 Dispen-

104 1642 278 1729 sationes,
294 1658 329 1714 at
344 1645 647 1715 commutationes
665 1655 818 1742 possunt
835 1643 910 1716 lieri
925 1649 1026 1717 extri
1040 1643 1189 1719 confes·

103 1740 266 1825 sionem,
288 1739 398 1814 modis
415 1741 567 1814 facultas
585 1765 659 1813 nou
676 1742 722 1815 sit
738 1765 912 1816 concessa
928 1740 998 1814 sub
1016 1740 1078 1814 tali
1096 1743 1190 1816 cou-
1267 1833 1270 1838 ,

103 1836 259 1926 ditione,
275 1838 316 1912 iat
331 1840 368 1911 in
385 1838 685 1932 Jubilaeu(Nnm.
708 1841 773 1940 157
791 1866 822 1913 r.
837 1837 932 1937 lmb)
945 1866 953 1926 ;
965 1839 1033 1914 sed
1045 1839 1192 1917 consilii

103 1951 152 2009 est
170 1965 231 2012 eas
253 1937 372 2012 facere
392 1940 430 2012 in
447 1938 697 2013 Confessioue.
824 1962 830 1982 ·
1029 1973 1030 1978 ¹

148 2061 204 2135 ²7·
219 2034 356 2130 Qubad
370 2035 618 2137 blasphemias
636 2040 850 2136 interroget,
866 2037 895 2109 si
911 2051 1101 2114 execratus
1117 2039 1194 2113 fuel

102 2133 146 2206 rit
160 2136 347 2209 Sanctus?
370 2149 407 2210 et
434 2135 568 2235 quibus
586 2135 705 2209 verbis
725 2163 812 2211 usus
830 2136 962 2227 luerit,
986 2163 1032 2209 an
1058 2137 1193 2214 dixerit

103 2233 195 2307 malit
222 2233 360 2308 habeat
380 2232 513 2332 rulgb,
534 2234 745 2334 maneggio,
770 2234 827 2311 vel
845 2236 948 2319 Atta,
967 2251 1030 2309 aut
1046 2236 1193 2310 Potiu?

101 2329 249 2406 Etenim
273 2331 395 2407 dicere
419 2333 628 2431 maneggio,
653 2348 798 2408 certum
826 2349 881 2407 est
908 2359 986 2406 esse
1012 2335 1190 2410 mortale:

101 2431 185 2502 Atta
203 2435 244 2504 in
266 2457 304 2503 sa
320 2448 373 2505 est
386 2432 552 2518 veniale,
570 2434 655 2529 quia
675 2430 916 2505 talevarbum
935 2453 1010 2504 non
1026 2433 1194 2508 eontinet

102 2529 392 2622 coutumeliam
410 2529 475 2604 sed
500 2528 615 2630 aliqui
638 2529 749 2603 rudes
775 2529 949 2603 eumdem
974 2531 1195 2627 concipiunt

101 2624 296 2702 horrorem
321 2635 361 2708 ac
380 2655 467 2702 cum
491 2627 623 2718 dieuut
646 2628 862 2727 Muoaggrir,
883 2642 919 2700 et
941 2640 1032 2700 tunc
1049 2642 1197 2728 oportet

104 2729 219 2827 accipi
235 2753 303 2827 pro
320 2730 416 2826 gravi
432 2727 682 2826 blasphemia,
698 2742 734 2798 et
750 2725 861 2799 simul
880 2729 1061 2800 instruere
1077 2729 1194 2826 poeni-

105 2838 262 2918 tentem,
278 2827 349 2899 tale
365 2826 518 2900 effatum
545 2851 620 2898 uon
648 2851 726 2899 esse
755 2824 1039 2927 blasphemiam.
1062 2826 1194 2904 Dicere

103 2925 210 3019 Porto
225 2928 264 2998 in
281 2951 319 2999 se
335 2941 428 2999 esset
441 2947 547 3023 grave
565 2943 757 3023 peccatum
778 2928 878 3025 juxta
899 2922 1040 2996 Idioma
1059 2926 1195 3022 Hispa·

104 3026 252 3105 uicum.
270 3023 389 3096 sedin
411 3038 536 3097 nostro
558 3022 788 3120 blasphemia
806 3050 882 3095 nou
900 3036 976 3108 est,
993 3045 1080 3096 eum
1098 3024 1195 3099 nihil

106 3124 207 3198 aliud
224 3123 404 3223 significet
420 3128 532 3223 quam
547 3122 839 3220 interjectionem
855 3120 1079 3221 indignantis
1095 3124 1195 3213 (Lib.

106 3220 128 3295 3
149 3249 185 3298 n.
212 3225 281 3315 rad
301 3245 334 3292 v.
353 3219 512 3318 Neque).
529 3218 783 3294 Nihilominbs
802 3221 947 3293 bonurn
964 3220 1034 3293 erit
1052 3224 1197 3320 exigere

105 3345 323 3404 numerum,
343 3343 428 3393 oum
447 3319 557 3392 rudes
572 3318 763 3392 horrorem
786 3317 1045 3399 notabiliorem
1062 3345 1107 3394 ex
1123 3321 1196 3397 hoe

108 3421 336 3515 concipiunt.
360 3415 431 3489 Sed
452 3443 538 3490 cum
565 3418 637 3491 tale
658 3417 814 3491 verbum
835 3422 881 3490 sit
907 3441 937 3489 ae
968 3420 1139 3493 uirorum
1162 3438 1197 3494 et

108 3539 194 3593 cum
227 3518 343 3617 possit
375 3516 492 3615 accipi
521 3515 560 3587 iu
596 3541 703 3589 sensu
741 3516 884 3590 meliori
905 3571 913 3601 ‚
941 3445 1045 3590 bene
1077 3525 1201 3616 potest‘

109 3616 347 3690 animadverti
363 3617 566 3715 paenitens,
591 3616 693 3714 quod
709 3607 806 3688 illud
829 3619 928 3713 juxta
952 3628 1114 3688 nostram
1138 3615 1197 3690 lo·

108 3715 256 3816 quelam
281 3739 355 3787 non
382 3715 429 3786 sit
453 3710 683 3812 blasphemia
710 3768 721 3802 ,
752 3711 1054 3829 quandoquidem
1081 3717 1197 3790 nostri

109 3815 290 3915 indigenae
306 3836 381 3885 non
401 3809 602 3884 intendunt
619 3813 718 3884 certe
739 3812 902 3911 proferre
919 3810 1016 3885 utud
1033 3811 1072 3883 in
1086 3837 1197 3889 seusu

111 3919 256 4014 pejore,
277 3897 371 3985 idest
393 3910 878 4010 Hispanorumtldiomatis‚
898 3908 963 3983 sed
989 3908 1199 3991 advertatur

107 4012 240 4094 umal,
259 4025 299 4084 ut
314 4024 438 4085 careat
454 4013 473 4083 i
491 4009 681 4098 scandalo,
700 4011 730 4083 si
750 4033 927 4109 umquam
945 4007 1099 4084 adesset.
1164 4018 1171 4032 “

161 4115 218 4185 28.
237 4110 440 4206 Interroget
456 4134 488 4180 a.
504 4110 533 4182 si
551 4111 771 4182 execrarerit
787 4108 1045 4193 dimanantes,
1062 4113 1198 4209 nempe

113 4209 310 4301 Pascham,
332 4207 504 4285 Natalem
534 4207 569 4285 J.
597 4209 661 4297 C.‚¹
687 4206 964 4308 Epiphaniam,
995 4205 1199 4286 Sabbatum
