2942 4717
233 172 276 240 28
485 237 487 242 .
607 176 720 243 Praxis
735 173 942 245 confessarii.

231 284 283 360 Et
314 284 385 360 bac
403 286 694 387 interrogatione
721 283 990 390 utplurimum
1020 298 1123 360 curet
1145 277 1326 357 sciscitari

231 382 369 474 rudes,
394 401 430 458 et
448 386 713 475 mulierculas,
738 390 802 488 qui
831 385 914 461 rard
937 386 1171 484 frequentant
1194 384 1325 455 Sacra·

232 500 379 576 menta,
399 483 563 559 dicendo
573 487 625 560 eis
639 514 648 555 :
663 488 805 559 Forsan
819 485 946 586 anquis
960 486 1035 557 rite
1047 497 1216 556 antecctoe
1231 504 1326 550 scru-

146 613 157 629 *
218 580 334 678 pules
352 599 386 655 te
402 583 573 657 mordet?
596 611 679 657 cura
701 608 794 656 nunc
816 583 904 656 bend
926 582 1085 656 confiteri
1094 638 1103 666 ‚
1128 581 1185 651 dic
1203 575 1326 651 omnia

231 676 404 770 libenter,
416 681 493 755 noli
512 681 653 769 timere,
674 703 815 753 omnem
842 680 1037 778 „temptabam
1061 680 1108 751 ab
1123 676 1245 749 anima
1260 691 1326 746 tua

232 776 370 873 depone
390 796 455 854 etc.
482 781 560 855 Hac
583 783 890 879 interrogatione,
917 779 1037 878 ajebat
1062 777 1215 878 qnidam
1234 773 1327 849 dili·
1378 777 1383 788 “

234 899 323 973 gens
341 876 560 976 operarius,
581 884 600 952 i
618 906 657 953 se
676 879 811 953 multas
825 880 964 952 animas
982 882 1002 951 ir
1021 873 1327 952 confessionibus

235 975 422 1074 sacrilegis
441 978 552 1052 fuisse
574 978 758 1053 liberatas.
773 979 815 1052 Si
834 993 958 1052 autem
981 977 1142 1077 reperiat
1158 982 1231 1071 jam
1255 973 1328 1043 hu·

233 1076 396 1169 jusmodi
408 1078 596 1178 sacrilegis
616 1078 726 1151 fuisse
737 1093 878 1178 patratu
894 1133 903 1163 ‚
920 1092 962 1151 ut
974 1076 1020 1150 de
1038 1100 1193 1148 numero
1204 1087 1327 1148 certus

233 1171 313 1262 fist,
340 1176 570 1274 interroget,
597 1180 742 1278 quoties
769 1179 865 1250 intre
893 1177 964 1250 hoc
995 1189 1172 1272 tempus,
1203 1174 1223 1242 t
1249 1193 1328 1269 quo

236 1291 391 1370 peccare
406 1277 561 1349 cessavit
573 1333 584 1370 ,
609 1276 799 1350 confessus
824 1276 888 1363 sit,
915 1293 951 1349 et
970 1266 1331 1360 communicaverit?

233 1372 314 1443 etsi
333 1374 636 1475 quotiescumque
653 1373 918 1463 confitebatur,
932 1373 988 1447 vel
1004 1367 1328 1456 communicabat,
1385 1367 1391 1376 “

232 1466 279 1540 ad
304 1471 539 1571 sacrilegium
559 1472 795 1549 advertebat?
821 1474 984 1572 Contigit
1011 1472 1110 1544 enim
1138 1465 1328 1566 aliquibus

232 1565 424 1643 interdurn
450 1571 624 1672 sacrilege
648 1573 839 1662 confiteri,
863 1571 1112 1672 praecipuein
1136 1565 1327 1667 pueritia,

142 1734 145 1739 .
232 1680 270 1738 et
285 1675 410 1767 postet
430 1669 566 1744 borum
590 1671 784 1761 oblivisci3
804 1671 843 1743 lri
860 1674 958 1744 enirn
977 1681 1246 1742 nontencntur
1266 1688 1328 1736 re-

235 1784 362 1884 petere
387 1769 642 1864 Confessioqes
662 1768 857 1844 oblivionis
880 1783 1045 1869 ternpore
1074 1767 1201 1840 factas.
1231 1764 1327 1836 Item

209 1869 213 1888 ³
232 1881 453 1966 tnterroget,
472 1869 598 1941 utrirm
614 1870 774 1956 scirent,
794 1894 832 1941 se
846 1868 983 1941 talibus
1001 1861 1329 1951 Confessicnibus‚

230 1977 268 2034 et
286 1966 620 2040 Commuuionibus
638 1970 749 2040 etiem
765 1982 996 2068 preceptum
1013 1963 1193 2038 Paschale
1210 1977 1329 2034 trans·

232 2085 375 2161 gressus
391 2064 526 2138 fuisse?
543 2065 690 2166 expedit
707 2081 849 2151 autem,
868 2082 912 2138 ut
928 2064 1005 2138 hsec
1024 2061 1261 2160 interrogatio
1280 2059 1329 2129 de

130 2217 137 2226 .
235 2162 435 2262 sacrilegiis
458 2166 521 2236 fiat
542 2169 581 2238 in
603 2165 786 2265 principio
801 2163 1046 2238 confessionis
1063 2218 1072 2249 ,
1091 2186 1137 2234 ne
1156 2164 1187 2234 si
1204 2159 1331 2259 posted

231 2258 298 2334 fiat
314 2302 331 2346 ‚·
341 2277 377 2335 et
393 2264 597 2361 reperiatur
610 2270 683 2360 iem
702 2263 941 2337 commissum
955 2262 1209 2360 sacrilegium,
1229 2274 1327 2331 tetu-

231 2379 302 2457 pus
322 2372 461 2434 teratur
484 2362 664 2458 inutiliter
685 2366 724 2435 in
746 2361 946 2459 repetendo
963 2359 1201 2444 Confessione
1218 2413 1226 2442 ‚
1246 2381 1332 2455 quae

233 2456 358 2530 forsan
381 2461 474 2533 nihil
498 2461 610 2534 habet
628 2460 806 2534 dissimile
826 2466 844 2532 l
862 2458 1065 2559 praeteritis.
1084 2459 1241 2558 Oportet
1259 2482 1332 2529 eu·

231 2566 307 2628 tem
323 2583 469 2657 operam
486 2559 595 2651 dare‚‘
609 2575 652 2633 ut
665 2562 731 2659 qui
749 2575 895 2658 peccata
912 2561 1162 2641 reticuerunt,
1177 2580 1333 2651 cognos-

230 2671 337 2746 cant,
360 2664 473 2756 quim
498 2683 673 2759 maguum
703 2671 898 2756 peccatum
930 2659 1000 2729 boc
1019 2658 1063 2730 sit
1081 2715 1089 2739 ,
1105 2655 1330 2730 conculcare

230 2755 369 2854 nempe
382 2757 540 2856 pedibus
552 2760 775 2854 Sanguinem
787 2759 874 2830 Jesu
887 2756 1039 2831 Christi.
1057 2758 1091 2849 4.
1107 2756 1332 2852 Interrogor,

230 2854 261 2926 si
280 2858 501 2951 poenitentias
519 2855 760 2930 satisfecerit?
779 2857 828 2928 Et
850 2856 882 2928 si
896 2854 1083 2942 omiserit,
1113 2881 1159 2926 an
1181 2853 1251 2925 boc
1266 2878 1330 2925 ac·
1397 2915 1400 2920 .

233 2951 368 3025 uiderit
403 2968 552 3052 propter
581 2953 837 3036 oblivionem,
871 2969 933 3027 aut
966 2955 1051 3054 quii
1092 2951 1213 3025 noluit
1246 2977 1330 3027 eam

235 3048 473 3150 adimplere,
513 3069 577 3125 aut
614 3056 700 3151 quia
730 3052 876 3126 distulit
909 3050 1142 3150 inposterum
1173 3075 1335 3138 curere,

223 3163 277 3221 ut
295 3151 365 3223 sibi
383 3153 603 3226 commutari
623 3153 759 3226 faceret
774 3153 790 3224 f
805 3166 841 3225 et
863 3153 946 3226 siin
962 3178 1002 3225 ea
1025 3151 1202 3244 dilatione
1221 3162 1334 3248 puta·

232 3243 298 3321 bot
313 3304 321 3334 ‚
338 3275 375 3322 se
393 3276 544 3348 peccare
561 3250 575 3323 f
594 3252 628 3325 5.
645 3251 749 3324 Circi
773 3250 969 3338 scandala,
986 3247 1016 3323 si
1036 3248 1223 3322 induxerit
1238 3246 1331 3321 alios'

235 3343 282 3419 ad
303 3347 534 3446 peccandum
557 3407 565 3430 ,
585 3366 647 3422 aut
662 3352 693 3422 si
709 3365 750 3421 ut
764 3364 955 3448 peccatum
982 3361 1225 3447 exequeretur
1241 3346 1336 3418 abu·

235 3471 296 3519 sus
317 3445 427 3519 fuerit
446 3449 647 3521 ministerio
669 3448 827 3521 aliorum
849 3447 864 3520 i
886 3449 921 3521 st
947 3461 1165 3547 cooperatus
1179 3447 1224 3518 sit
1244 3469 1336 3542 peo-

235 3547 325 3617 catis
348 3546 511 3620 alicnis?
536 3545 784 3621 Tabernarios
810 3548 1033 3645 interroget,
1055 3548 1086 3618 si
1105 3546 1339 3617 ministrave-

232 3645 311 3720 rint
345 3642 470 3719 vinnm
507 3644 601 3729 illis,
626 3648 692 3746 qui
720 3646 816 3718 soliti
843 3645 995 3719 fuerunt
1022 3643 1208 3717 inebriari·
1226 3650 1239 3737 ζ
1255 3643 1278 3714 l.
1298 3669 1333 3715 2.

237 3767 346 3815 num.
367 3742 445 3843 69)
465 3744 482 3817 i
505 3743 678 3818 Mulieres
687 3746 886 3842 interroget
898 3749 911 3833 ,’
926 3745 956 3817 si
972 3743 1094 3815 verbis
1116 3768 1246 3839 parum
1269 3740 1339 3813 lro·

233 3842 378 3926 uestis,
417 3846 535 3940 jucis,
570 3842 755 3934 saltibus,
790 3846 895 3926 risu,
933 3857 997 3916 eut
1031 3847 1058 3915 si
1099 3843 1176 3913 fisis
1212 3841 1334 3914 oeulis

234 3936 662 4042 sliqueminspiciend0‚
680 3944 806 4015 tunicb
819 3941 927 4015 nimis
939 3941 1097 4025 elevati,
1110 3956 1171 4012 aut
1185 3955 1335 4037 pectore

238 4054 365 4135 aperto
384 4045 663 4139 provocaverint
679 4045 776 4114 viros
792 4041 839 4114 ad
867 4044 982 4114 malas
1014 4039 1282 4136 cogitationes?
1300 4039 1338 4110 Si

236 4160 391 4215 munera
415 4139 462 4217 ab
481 4140 558 4218 illis
578 4141 626 4218 ad
641 4141 783 4219 mulum
802 4142 918 4219 finem
941 4139 1023 4218 data
1039 4135 1341 4240 acceptaveriuti
