2942 4717
279 234 386 326 Capit.
405 232 464 302 IX.
477 232 538 323 §Jz
554 235 604 303 De
619 233 778 304 Oratione
789 234 1022 306 meditationis.
1131 255 1199 308 m

107 348 273 431 alentes:
290 349 390 436 idem
416 373 518 422 nunc
537 349 668 446 repetit
684 349 838 448 singulis
853 346 1108 433 confratriis,
1129 347 1199 448 qui

106 475 180 522 non
200 447 323 522 solum
339 446 475 521 debent
490 445 645 521 evellere
662 449 746 522 vitia
763 474 807 522 ex
820 448 897 520 suis
913 444 1199 547 paenitentibus,

107 547 169 619 sed
181 549 290 620 etiim
304 545 441 620 debent
454 544 685 619 illisvirtutes
697 546 867 621 inserere.
876 545 987 620 Unde
997 537 1198 647 expediens

109 660 160 718 est
175 643 311 718 addere
331 643 393 719 liic
409 646 446 717 in
465 646 539 718 line
560 660 669 741 caput
688 643 784 733 boc,
801 643 904 745 quod
924 645 1056 744 poterit
1072 648 1198 717 insen·

107 744 180 816 rire
198 741 431 817 consectariis
449 741 637 842 tyronibus
656 740 703 814 ad
726 741 935 841 dirigendas
953 745 1095 842 animae
1110 742 1194 842 spi-

107 840 256 914 rituales
274 838 321 913 ad
337 840 611 940 perfectionem.
629 840 713 914 Non
729 858 817 915 sunt
835 840 990 941 quidem
1006 839 1195 941 expellen·
1269 929 1272 934 Ι

114 938 148 1012 di
164 955 378 1038 peccatores
392 993 401 1022 ,
417 954 459 1013 ut
470 938 639 1036 superius
651 939 828 1030 diximus,
841 937 908 1013 sed
924 939 1084 1014 econtra
1100 964 1200 1039 opue
1294 951 1303 968 ·

120 1052 165 1112 ot
177 1038 291 1111 etiam
304 1034 466 1112 multiim
480 1037 557 1111 Deo
569 1052 762 1138 acceptum
772 1064 926 1139 sponsas
942 1036 1201 1121 illiudornnre,

113 1136 249 1212 animas
276 1136 417 1209 scilicet
441 1136 653 1237 spirituales
679 1137 873 1221 excolere,
901 1151 943 1209 ut
970 1150 1063 1209 totas
1081 1159 1120 1209 se
1139 1135 1201 1214 itti

111 1234 250 1309 donent
268 1292 280 1323 ‚
308 1234 540 1335 tradentque.
557 1236 755 1351 Acceptior
773 1253 826 1309 est
845 1240 924 1333 ejus
942 1233 1058 1309 oculis
1075 1235 1196 1310 anima

109 1334 183 1407 oola
228 1334 392 1421 criente,
410 1341 520 1434 quim
540 1333 643 1408 mille
659 1335 895 1434 rmperlectae.
914 1332 1026 1408 Unde
1041 1334 1199 1407 cumvi-

110 1431 172 1528 det
220 1432 456 1523 ouiessariuo,
472 1437 710 1531 poenitentem
729 1436 847 1508 virere
862 1437 1064 1505 immunem
1080 1435 1100 1504 a
1114 1430 1200 1506 cul·

109 1531 162 1645 pis
176 1530 397 1604 mortalibus
408 1557 575 1614 ‚omnem
586 1558 710 1606 curam
728 1530 901 1605 adbibere
912 1529 1038 1616 debet,
1053 1544 1095 1604 ut
1108 1555 1201 1607 eum

108 1655 145 1703 tn
163 1630 261 1702 riam
287 1629 548 1729 perfectionis,
580 1644 616 1702 et
643 1629 764 1706 Divini
795 1630 929 1703 amoris
956 1627 1170 1703 introducat
1185 1681 1199 1714 ,

107 1727 164 1801 illi
186 1727 483 1829 repraesentando
513 1728 712 1817 meritum,
736 1728 841 1826 quod
867 1727 977 1800 lrabet
994 1727 1119 1811 Deua,
1153 1740 1200 1810 ut

110 1842 272 1915 ametur,
284 1844 319 1899 et
330 1826 611 1924 gratitudinem,
622 1852 734 1925 quarn
749 1825 925 1900 debemus
937 1824 1195 1916 Jerussbristo,

109 1930 173 2025 qui
189 1952 258 1998 uos
276 1927 412 1999 amavit
429 1927 546 2025 usque
564 1924 613 1998 ad
638 1925 874 1999 moriendum
894 1950 959 2021 pro
973 1923 1105 2015 nobia3
1126 1949 1200 1999 nec

108 2048 184 2096 non
205 2023 413 2119 periculum
432 2023 468 2096 in
494 2049 570 2124 quo
589 2041 775 2097 versantur
797 2050 924 2100 omnes
945 2024 1093 2103 animae,
1113 2047 1200 2122 qum

109 2138 245 2196 eocatae
259 2127 279 2196 it
295 2124 372 2196 Deo
387 2122 434 2194 ad
451 2122 559 2196 vitam
579 2122 833 2220 perfectiorem
850 2178 860 2209 ‚
877 2120 931 2195 illi
948 2122 1134 2195 resistunt.
1150 2120 1202 2196 Ira

113 2218 230 2294 tribus
252 2220 365 2319 igitur
389 2220 574 2322 precipui
603 2223 720 2320 posita
738 2238 793 2296 est
808 2221 961 2296 directio
978 2220 1200 2295 confessarii

167 2318 233 2391 ”d
249 2322 388 2394 animas
406 2319 635 2417 spirituales,
661 2321 804 2396 scilicet
817 2322 855 2393 in
874 2320 1111 2393 Meditatiune
1130 2375 1139 2403 ‚
1158 2319 1202 2396 itt

112 2346 457 2518 diliiemptuione,
486 2423 523 2490 in
543 2418 846 2508 Mortificatioue,
863 2432 901 2491 et
917 2419 960 2491 in.
973 2418 1203 2515 Frequentior

109 2517 456 2631 decrementorum,
472 2531 509 2591 et
527 2515 574 2606 de
592 2516 765 2590 omnibus
791 2516 849 2590 his
877 2516 1068 2616 sigillatim
1092 2514 1202 2590 dice·

113 2638 206 2691 mus.

344 2715 377 2812 §r
396 2713 424 2788 l.
445 2714 503 2786 De
522 2713 689 2786 Oratione
705 2712 965 2788 Meditutioois.

164 2935 243 2983 rna.
258 2907 425 2986 Prudens
445 2907 793 3008 ergbConsessariue
804 2897 890 2983 cum
906 2908 1025 2984 cernit
1036 2906 1201 2985 animant

116 3005 277 3108 aliquam
294 3009 552 3083 abhorrentem
567 3026 717 3109 peccata
729 3007 918 3091 mortalia,
934 3023 970 3082 et
984 3007 1201 3082 desideran-

115 3118 184 3180 tem
210 3106 380 3207 progredi
401 3106 438 3181 in
460 3134 584 3182 amorc
596 3108 730 3182 Divino
748 3164 758 3196 ,
778 3107 861 3180 anti
880 3106 1002 3184 omnia
1021 3103 1203 3180 dehet-‘rt-

116 3201 185 3280 lam
206 3206 402 3303 disponere
419 3206 477 3287 ad
511 3207 717 3281 faciendam
744 3207 945 3278 orationem
974 3202 1202 3291 mentalem.,'

117 3302 314 3380 scilicetne
333 3303 603 3378 meditationem
622 3308 816 3380 veritatum
827 3319 1065 3388 aeternarum,
1083 3316 1120 3377 et
1133 3300 1202 3377 bo*

40 3411 42 3416 ’
118 3405 235 3476 nitatis
248 3406 399 3484 Divinae.⁴
418 3405 465 3476 Et
482 3407 644 3503 quemvis
664 3407 864 3477 necessaria
882 3402 1017 3476 nonsit
1032 3400 1078 3475 ad
1094 3415 1202 3476 teter·

119 3524 196 3572 nam
216 3503 372 3576 salutem
392 3503 706 3598 consequendam,
727 3498 823 3575 siniit
842 3516 896 3574 est
912 3500 1115 3575 necessaria
1131 3525 1203 3599 pe-

121 3599 214 3682 titio;
230 3600 472 3674 nihilominirs
490 3604 632 3674 ridetur
647 3601 755 3674 valde
771 3601 970 3674 necessaria
982 3595 1200 3685 animabus,

120 3709 161 3766 nt
184 3699 219 3770 in
246 3700 314 3773 Dei
339 3702 449 3795 gratia
480 3717 724 3801 perseverent.
754 3698 847 3772 Cum
877 3698 1033 3798 reliquie
1057 3696 1205 3797 pietatis

122 3795 284 3889 operibus
300 3815 417 3895 potest
429 3816 620 3897 peccatum
637 3798 856 3882 consisteret
872 3795 938 3870 sed
954 3824 1028 3870 nou
1046 3808 1205 3892 possunt

118 3891 317 3968 cohabitare
331 3899 456 3971 Oratio
473 3955 481 3980 ,
501 3916 536 3973 ct
553 3895 760 3998 peceatum.
778 3898 913 3970 Anima
932 3911 995 3969 aut
1012 3893 1107 3968 reli-n
1135 3908 1201 3969 uel

124 3996 338 4081 orationem,
358 4011 423 4068 aut
443 4017 647 4093 percatmm
669 3994 824 4070 Dicebat
838 3995 874 4070 S.
889 3994 1087 4067 Therasiae
1140 3991 1206 4094 rei-n

122 4110 209 4163 maor
226 4148 235 4186 ,
250 4119 326 4196 que
344 4096 382 4169 in
400 4097 556 4170 oratione
567 4110 779 4196 persceoran
784 4149 800 4198 ,
812 4106 980 4196 quotqum
995 4092 1205 4193 r'tt’pecatn
