2942 4717
204 238 309 334 Cepit.
319 237 388 312 Ult.
402 243 427 334 ς
438 242 482 310 n.
493 242 648 311 Remedia
659 243 810 312 adversus
830 243 1031 309 tentationes.
1101 258 1164 326 191
1186 240 1189 246 ’

32 441 33 444 ¹
97 346 174 452 qnid
189 341 337 439 dantes,
356 357 459 452 qudm
470 354 650 453 proficisci
671 357 949 427 admonendum
972 380 1052 426 cum
1073 352 1166 426 Jesu

32 491 34 534 ;
98 445 245 535 christo,
265 476 342 526 cum
354 453 493 551 Regma
507 451 604 544 culi,
626 468 663 525 et
674 452 835 526 omnibus
851 452 1021 526 Sanctis!

140 547 213 646 253.
226 549 262 623 Si
280 565 401 622 antem
417 553 582 649 angitur,
632 552 690 622 uia
705 556 924 646 conjunctos
942 578 1028 625 suos
1047 549 1165 625 nelin-

100 646 167 744 qnit
179 646 303 746 inopes
322 651 383 737 ,ei
402 647 518 723 dicet:
537 649 595 721 Au
640 648 714 745 fili,
731 648 816 720 situ
839 665 1003 722 eternam
1016 651 1166 721 salutem

98 746 304 843 assequeris,
324 748 572 820 mahometus
587 747 633 818 de
656 748 741 820 colo
761 800 771 834 ‚
792 749 896 846 qudm
920 748 964 819 de
986 763 1082 822 terra
1098 746 1190 819 tut's'

96 864 179 937 opem
184 845 280 930 latre
289 845 433 939 poteris,
450 844 579 917 Sedne
598 843 757 931 dundee,
775 843 858 944 qnia
876 844 995 931 Deus,
1019 844 1079 943 qui
1100 871 1166 917 νο-

100 938 189 1011 lott'lt‘o
200 941 334 1038 pascet,
352 967 424 1014 non
439 943 574 1016 omittet
582 944 635 1015 eis
644 941 840 1041 providere.
849 942 891 1016 Si
901 958 938 1016 tu
954 943 1168 1034 t'llosomas,

103 1035 180 1108 Dens
190 1040 269 1129 plns
284 1053 319 1113 te
332 1039 452 1137 diligit.

112 1197 116 1206 .
140 1134 210 1210 VII.
226 1136 414 1211 Adversirs
429 1138 670 1214 tentationem
688 1136 762 1212 odii
779 1153 817 1212 et
834 1137 1003 1212 vindicio.
1020 1139 1057 1214 Si
1084 1140 1167 1240 quis

97 1250 228 1335 propter
244 1238 410 1336 aliquam
427 1251 616 1338 acceptam
642 1236 821 1313 offensam
841 1237 924 1311 odio
947 1252 1110 1328 tenetur,
1136 1265 1168 1312 1.

96 1334 153 1430 ipsi
177 1334 368 1409 intimetur
391 1333 556 1410 divinum
576 1352 803 1437 praeceptum
822 1365 831 1405 ε
853 1335 992 1434 Diligite
1008 1336 1169 1408 imirn'cos

97 1444 221 1504 vestros.
238 1460 274 1506 2.
286 1434 438 1508 Dicatur
456 1435 508 1522 ei,
528 1433 631 1533 quod
649 1439 714 1536 qui
734 1461 811 1511 non
831 1433 1002 1525 dimittit,
1019 1458 1088 1509 nec
1103 1460 1169 1508 ve-

95 1528 180 1603 niam
202 1557 352 1632 sperare
366 1535 492 1704 ⁵possit
520 1537 540 1606 i
564 1536 664 1620 Deo,
693 1535 759 1635 qui
785 1533 894 1619 dicit,
913 1534 1019 1606 Foris
1038 1556 1170 1621 canes,

32 1689 33 1694 ,
94 1630 228 1721 Apocnl.
255 1657 321 1721 22,
347 1658 358 1704 ι
392 1634 538 1705 .Canea
555 1632 767 1731 (vindicum
793 1628 1028 1731 symbolum)
1043 1630 1170 1732 repel-

93 1716 243 1802 lunturi
259 1729 371 1804 coelo.
389 1730 422 1803 E
440 1754 616 1804 converso
632 1733 731 1809 Deus
750 1731 895 1805 veniam
918 1745 1056 1803 certam
1078 1756 1171 1830 pro-

92 1825 192 1899 mittit
206 1827 265 1902 illi
279 1830 486 1942 peccatori,
507 1829 571 1928 qni
588 1831 734 1903 veniam
749 1830 812 1902 dat
830 1827 1004 1902 offensori
1019 1852 1107 1915 sno‘.
1126 1855 1171 1901 ex

93 1923 169 1997 iilo:
182 1926 345 2016 Dimitte,
358 1941 392 1998 et
403 1926 634 1999 dimittemini.
643 1928 728 2003 Luc.
739 1926 764 2001 6
776 1955 807 2002 ν.
823 1927 881 2025 37.
896 1925 1054 2015 Subdat,
1069 1926 1171 2026 qnod

91 2022 296 2113 siinimicus
308 2025 444 2123 injuste
457 2024 589 2106 laeserit
601 2026 734 2125 ipsum,
750 2022 890 2126 qnantb
904 2024 1075 2126 injustiite
1091 2028 1170 2126 ipse

93 2120 199 2196 Deum
212 2125 228 2196 i
240 2124 514 2217 Quamobrem.
528 2125 559 2198 si
575 2126 652 2225 ipse
665 2127 788 2227 petiti
802 2124 897 2214 Deo,
910 2141 954 2197 ut
967 2124 1037 2198 sibi
1051 2124 1061 2197 i
1087 2152 1173 2199 nos·

94 2234 163 2307 eat,
191 2220 335 2324 qnantd
364 2223 478 2323 magis
510 2224 677 2324 proximo
704 2226 783 2325 ipse
808 2224 996 2324 ignoscere
1024 2149 1173 2297 debet?

93 2317 179 2390 Sient
190 2338 227 2394 et
241 2318 420 2393 Dominus
445 2319 591 2395 donavit
615 2320 730 2408 robis,
747 2323 797 2395 itn
815 2337 852 2394 et
869 2345 941 2394 ros.
960 2318 1033 2393 Col.
1050 2321 1093 2411 3,
1115 2320 1173 2395 13.

91 2414 223 2493 Uitimb
240 2418 411 2493 ostendat
428 2418 572 2510 eidem,
593 2425 706 2535 quim
723 2434 862 2521 gratnm
880 2443 958 2494 rem
974 2420 1053 2492 Deo
1071 2420 1173 2493 exbi-

32 2579 34 2616 z
92 2510 187 2605 beat,
218 2519 286 2619 qui
305 2519 457 2619 injurias
483 2516 648 2594 dimittit.
677 2521 713 2592 S.
732 2517 895 2592 Joannee
924 2515 1174 2605 Gueibertus,

32 2629 34 2700 ζ
92 2622 282 2727 postquim
299 2615 495 2691 fratricidae
513 2618 696 2718 pepercit,
713 2615 918 2691 Ecclesiam
936 2612 1174 2714 ingrediens,

86 2723 359 2815 imaginemque
375 2715 549 2792 Cruciiixi
565 2714 757 2803 salutans,
778 2713 870 2789 vidit
887 2711 1174 2813 Redemptorem

93 2818 167 2910 engi
178 2839 217 2887 se
228 2828 342 2915 caput
352 2814 664 2905 inclinantem,ao
680 2814 712 2887 ai
727 2828 876 2916 propter
892 2813 1035 2895 veniam
1050 2812 1175 2888 datam

73 2961 75 2965 ψ
92 2909 434 3011 ipsigratiasageret.
445 2910 1175 3013 sanotustacobusanttmortemampie-

32 3013 33 3016 ’
92 3024 367 3102 natusesteum‚
381 3016 444 3113 qui
458 3012 580 3112 ipsum
594 3010 951 3086 accusaritssanctus
964 3010 1175 3107 Stephanus

32 3159 33 3164 η
94 3113 199 3183 oravit
210 3136 280 3211 pro
295 3111 358 3201 eia,
369 3110 433 3211 qui
447 3134 535 3184 eum
550 3108 776 3209 lapidabant.
791 3108 946 3184 Sanctus
964 3109 1175 3183 Lndovicus

94 3203 216 3296 Gallim
245 3234 308 3283 rex
335 3207 437 3308 apud
459 3225 667 3284 ae'coenare
697 3207 808 3299 fecit,
829 3207 894 3308 qui
921 3204 992 3279 sibi
1018 3223 1175 3282 mortem

93 3301 202 3380 fuerat
219 3306 382 3404 molitus.
399 3307 553 3381 Sanctus
567 3305 785 3379 Ambrosius
809 3331 876 3404 per
901 3304 1062 3379 multum
1082 3322 1175 3380 tem·

119 3429 157 3477 us
181 3406 332 3479 cuidem
357 3431 425 3480 suo
457 3403 635 3504 proditori
665 3403 840 3478 alimenta
871 3402 1174 3481 subministravit.

92 3424 137 3574 bt
153 3502 346 3603 praeeipni‘
359 3506 522 3607 primum
538 3501 750 3603 exemplum
768 3503 815 3577 de
834 3502 907 3575 boc
924 3505 1094 3602 praestitit
1107 3506 1176 3579 Do·

44 3604 47 3611 '
85 3620 209 3686 ‚minna
227 3617 352 3678 noster
367 3605 473 3679 Jesus
489 3600 673 3687 Christus,
688 3602 805 3717 quiin
824 3626 935 3674 cruce
945 3602 1090 3773 positus
1106 3613 1179 3702 pro

92 3686 399 3796 persecutoribus,
415 3716 452 3777 et
478 3700 785 3778 maledicentibus
810 3699 883 3776 eibi
902 3725 942 3779 va
960 3697 1006 3776 de
1027 3700 1176 3777 Patrem

94 3801 261 3878 exoravit
297 3807 343 3842 ·''
