2942 4717
347 248 429 341 Cap.
446 247 504 314 111.
521 243 572 315 De
588 243 755 316 ordinibus
770 249 804 314 in
821 241 938 339 speeie.
1125 249 1191 342 259

124 353 276 429 Ferraris
294 355 467 434 Biblioth.
484 362 590 436 Tum.
611 365 633 453 4
651 360 751 434 verb.
775 360 928 434 Litaniae
944 389 979 457 p.
995 359 1079 459 495.
1097 362 1192 436 Nota

126 454 166 523 ad
185 454 251 527 tiu.
271 461 333 554 (a).
353 458 437 531 Non
466 459 562 531 idem
590 462 705 531 currit
727 474 849 531 autem
871 459 917 561 de
935 459 1085 533 Litauiis
1103 467 1117 555 (
1133 461 1194 536 lb.

125 554 190 643 Qu.
209 554 287 642 ΙΙΙ.)
305 560 362 629 An
378 575 497 630 autem
515 558 707 630 satisfaciat
721 558 848 631 dicens
866 561 1086 632 Matutinurn
1100 558 1196 631 hurd*

124 653 272 724 secunda
292 672 373 749 post
391 655 605 729 meridiem?
618 657 691 728 Atii
709 656 910 739 affirmant,
925 656 1087 731 utSaim.
1104 682 1192 731 cum

123 747 241 820 Sanch.
256 752 376 828 Truli.
391 768 460 827 etc.
483 755 664 840 dicendo,
678 754 717 825 id
735 750 846 825 hodie
865 754 1024 850 permitti
1039 781 1082 827 ex
1096 779 1192 826 con-

121 848 306 924 suetudine
321 853 542 926 introducta.
554 853 625 926 Sed
635 852 752 925 veriirs
766 852 975 950 negandum
990 878 1075 925 cum
1084 851 1196 936 Holus

123 943 231 1019 croix.
252 965 288 1022 et
298 953 411 1025 Cone.
429 953 514 1051 quia
530 955 706 1051 tuncjam
724 954 870 1047 incepta
889 967 944 1023 est
963 949 1053 1023 hora
1068 976 1195 1049 respe-

122 1065 260 1134 rarum,
284 1073 365 1147 quae
382 1067 436 1122 est
451 1049 571 1121 media
588 1052 685 1123 inter
704 1049 918 1139 meridiem,
936 1062 973 1120 et
996 1056 1193 1140 occasum}

123 1137 189 1214 dies
204 1146 302 1217 enirn
320 1148 586 1221 ecclesiasticus
604 1174 679 1221 non
695 1150 766 1219 nisi
784 1146 830 1218 ab
845 1147 1197 1246 horaVesperarum

120 1236 251 1340 incipit.
270 1245 380 1336 Quod
397 1261 518 1319 autem
543 1245 958 1343 consuetudoundique
979 1249 1054 1344 jam
1070 1247 1195 1318 intro-

119 1334 254 1413 duxerit
270 1345 413 1417 recitari
429 1344 649 1419 Matutinum
669 1344 761 1418 horit
787 1343 948 1416 secundat
971 1358 1053 1441 post
1078 1347 1196 1417 meri-

118 1432 240 1511 diema
262 1446 392 1541 majori
407 1457 509 1543 parte
528 1442 718 1530 fidelium,
739 1446 838 1540 juxta
858 1442 955 1513 dicta
976 1441 1021 1514 de
1040 1467 1195 1516 consue·

117 1534 261 1627 tudine,
288 1538 359 1613 boc
385 1538 619 1642 probandum
650 1558 768 1629 esset3
798 1539 861 1611 sed
879 1540 1088 1638 usquedum
1114 1567 1193 1615 non

115 1632 306 1731 probetur,
322 1638 381 1712 lex
399 1638 564 1739 opposita
582 1637 773 1736 praevalet3
789 1652 934 1736 tempus
954 1653 1073 1709 autem
1087 1637 1194 1713 bora·

25 1759 27 1800 ς
115 1757 191 1804 rum
208 1734 283 1808 inci
313 1738 341 1809 it
358 1741 376 1809 Ι
394 1736 514 1811 media
535 1754 643 1810 nocte
656 1736 703 1809 ad
721 1737 911 1809 meridiem
929 1761 1193 1835 :vesperarum

25 1893 27 1904 ,
117 1846 150 1903 et
168 1763 401 1932 compidtorii
418 1840 438 1910 Ι
458 1834 611 1910 meridie
637 1836 684 1910 ad
701 1834 859 1908 mediam
878 1848 1023 1909 noctem
1044 1837 1104 1933 (n.
1123 1834 1192 1934 173

25 1939 27 1986 ³
117 1953 146 2002 r.
166 1931 362 2032 Tempus.)

157 2029 236 2106 vlt.
265 2031 442 2119 Intentio,
459 2048 496 2104 et
513 2034 670 2107 attentio.
690 2033 902 2135 Requiritur
922 2030 1067 2106 intentio
1084 2034 1100 2127 (
1115 2031 1185 2106 sci·
1197 2050 1232 2122 7⁶

25 2123 27 2206 Ὗ
113 2121 194 2201 lieet
211 2131 423 2224 recitandi)
441 2131 573 2207 salum
600 2133 764 2206 virtualis
780 2158 789 2223 ;
813 2132 948 2206 sufficit
960 2157 1033 2303 pro
1049 2131 1139 2219 itta,
1159 2132 1192 2205 si

25 2247 27 2258 ‘
114 2224 155 2296 ab
175 2228 283 2302 initio
304 2235 502 2330 sumpseris
518 2230 738 2304 breviarium
755 2229 799 2304 ad
819 2232 957 2304 recitau
986 2256 1061 2304 um.
1076 2232 1196 2303 Com-

26 2399 28 2420 3
112 2325 321 2399 munimime
331 2343 465 2414 autem,
479 2344 515 2402 et
524 2327 751 2430 probabilius
764 2356 849 2402 cnm
863 2330 965 2402 Suar.
978 2330 1075 2403 Cast.
1088 2330 1195 2411 Lesa.

26 2437 28 2508 }
113 2419 246 2498 Touru.
264 2427 369 2499 Pont.
384 2426 495 2526 Vasq.
512 2442 548 2500 et
560 2426 667 2502 Groix
681 2452 768 2500 eum
782 2425 862 2498 aliis
876 2481 888 2515 ,
901 2452 977 2498 non
992 2429 1193 2526 requiritur

26 2553 28 2620 3
111 2519 263 2597 intentio
275 2525 518 2597 satisfaciendi
533 2524 761 2623 obligationi3
776 2523 850 2597 imo
862 2527 1019 2597 recitans
1035 2524 1195 2622 impleti

26 2697 28 2704 ,
110 2623 244 2695 εῑίΙιηεί
255 2621 406 2721 positive
423 2623 589 2697 intendat
601 2623 702 2696 nolle
721 2622 875 2721 implere
893 2679 903 2713 ‚
924 2622 1010 2722 quia
1029 2621 1192 2721 implens

26 2727 29 2794 ἓ
112 2741 179 2791 non
199 2736 321 2820 potest
335 2749 409 2795 non
428 2720 605 2822 implere,
623 2747 709 2795 cum
724 2719 919 2795 satisfactio
936 2748 1013 2794 non
1030 2720 1192 2819 pendeat

27 2879 29 2884 ,
112 2817 128 2886 Ι
147 2844 209 2892 sua
227 2876 236 2904 ,
256 2818 321 2891 sed
339 2825 357 2893 Ι
375 2819 559 2904 voluntate
575 2820 664 2919 legis
679 2877 689 2911 ,
706 2819 780 2893 aive
793 2818 968 2893 Ecciesiae
983 2825 999 2915 (
1016 2844 1057 2902 n.
1078 2818 1190 2991 rplii.)

110 2911 317 3016 Requiritur
338 2920 490 3018 insuper
509 2923 676 3008 attenua,
698 2919 832 2993 saltem
855 2931 1023 3007 externa,
1047 2917 1100 2990 sci
1119 2919 1190 2991 ‘oet

93 3035 153 3085 *ne
178 3033 390 3115 apponatur
417 3019 511 3090 actio
551 3016 839 3117 incompatibilia
867 3042 953 3090 cum
987 3018 1189 3090 attentione

41 3143 46 3154 ·
110 3110 262 3187 interna.
278 3117 335 3188 An
349 3133 470 3188 autem
487 3117 693 3214 requiratur
707 3119 815 3190 enom
829 3116 970 3188 iuterna
983 3113 999 3188 Ι
1012 3115 1074 3187 alii
1092 3109 1190 3188 affir-

110 3225 206 3284 mant
223 3215 362 3312 requiri
377 3215 582 3301 internam,
603 3215 749 3313 quaesit
767 3213 822 3287 rel
840 3212 887 3286 ad
903 3214 1046 3302 Deum,
1062 3212 1120 3285 vel
1139 3210 1190 3288 ad

109 3332 278 3400 tensum,
299 3312 354 3384 vel
381 3312 510 3386 saitem
537 3313 583 3383 ad
607 3311 740 3396 verba,
761 3309 896 3411 nempe
917 3327 958 3385 ut
979 3309 1077 3385 recte
1095 3336 1189 3410 pro-

109 3412 330 3481 nuncientnr
345 3411 457 3510 3-quia
474 3410 584 3499 aiios,
604 3410 712 3508 proiit
728 3411 879 3496 dicunt,
898 3436 974 3512 non
991 3423 1082 3484 esset
1100 3435 1188 3482 ora«

108 3505 166 3577 tio.
182 3508 257 3580 Alii
269 3506 356 3581 vero
373 3510 524 3607 plurimi
539 3524 689 3606 negant,
706 3509 1001 3582 dicentesveram
1016 3533 1093 3579 esse
1104 3534 1188 3581 orn·

107 3604 263 3691 tionem;
281 3633 364 3704 quoe
382 3609 422 3680 fit
438 3633 523 3681 cum
541 3606 743 3684 intentione
761 3606 911 3689 orandi,
930 3624 966 3678 et
986 3609 1195 3681 attentione·

105 3718 248 3777 externa
263 3734 271 3775 ε
287 3707 335 3778 itt
351 3708 442 3804 Lug.
459 3705 590 3781 Palu-d.
605 3707 732 3803 Conig.
748 3704 878 3800 Augei.
895 3705 991 3803 Sylr·
1005 3706 1112 3778 Croix
1125 3760 1134 3786 ,
1148 3716 1188 3777 et
1285 3777 1290 3784 ,

108 3800 229 3894 plures
245 3804 306 3878 alii
318 3830 405 3879 eum
418 3807 453 3877 S.
467 3807 603 3878 Anton.
619 3828 662 3877 ex
675 3805 720 3879 D.
735 3806 803 3878 Th.
818 3802 938 3878 Verba
954 3806 989 3877 S.
1004 3803 1195 3879 Antonini

107 3895 184 3974 haec
196 3919 285 3975 snut
299 3932 309 3973 t
327 3901 401 3976 Sed
412 3904 448 3988 si
458 3903 614 4003 evagatio
628 3919 685 3976 est
694 3906 932 3985 advertentem
949 3916 985 3973 et
995 3904 1108 3973 solnm
1124 3926 1184 3971 se-

105 4001 249 4072 cundum
264 4017 376 4074 actum
389 4001 604 4087 interiorem,
617 4001 696 4074 licet
705 4000 889 4074 temeraria
901 4015 936 4071 et
940 3998 1058 4098 gravis
1067 3994 1186 4096 soret¹

103 4117 177 4169 non·
189 4114 310 4174 tamen
328 4100 495 4195 mortale,
514 4097 587 4174 nisi
602 4125 669 4204 per
682 4114 938 4202 contemptum,
959 4097 1038 4197 queit
1054 4098 1185 4190 Ecce,
