2942 4717
267 290 336 361 454
448 290 601 384 Epitome
619 290 784 359 Doctrinae
798 286 931 359 Mortalis
945 302 978 357 et
996 286 1183 357 Cononicte.

268 403 351 470 Led.
369 417 402 472 et
416 402 504 470 Rub.
527 400 656 471 Novell.
674 403 717 471 66
732 420 765 471 et
789 405 829 471 de
851 401 991 491 Legibus
1009 402 1186 469 Pontificio
1203 402 1357 475 Doctores

269 490 403 579 quidam
418 507 577 578 asserunt,
602 489 674 558 aliis
691 494 792 578 magis
809 491 1022 557 communiter
1038 489 1250 577 negantibus,
1275 493 1358 562 nihil

271 577 358 644 enim
375 578 459 644 circa
475 577 538 644 hoc
561 578 711 646 statuitur
728 579 770 643 de
786 576 911 666 legibus
928 576 969 643 ab
980 577 1187 644 inferioribus
1204 576 1277 645 latis
1293 622 1305 667 ,
1321 598 1357 649 ut

268 681 403 732 monent
418 667 494 731 DD.
512 662 630 757 plures.
647 666 697 732 De
712 664 779 754 Syn
804 666 939 732 Dioeces.
956 661 1023 731 1.ιό
1042 686 1071 729 c.
1089 667 1122 730 4.
1139 689 1175 731 n.
1193 686 1213 731 2

313 750 488 841 Regulares
510 754 606 818 etiarn
622 751 837 842 subjiciuntur
859 749 984 840 legibus
1007 750 1223 841 synodalibus
1240 751 1275 816 in
1296 754 1357 841 iis,

269 859 342 927 quae
359 841 536 929 respiciunt
552 862 673 915 curam,
684 841 884 916 animarum,
901 856 933 906 et
947 838 1226 906 Sacramentorum
1247 842 1358 905 admi-

270 923 515 1010 nistrationem,
537 948 575 992 ex
599 925 692 993 Trid.
718 926 799 993 Sess.
827 928 868 993 25
892 949 964 1017 cap.
991 949 1027 992 ιι
1055 925 1097 990 de
1121 923 1358 1012 Regularibus,

271 1012 419 1100 quamvis
447 1015 536 1081 secus
561 1014 601 1079 sit
627 1015 661 1078 in
681 1010 775 1099 aliis,
799 1014 856 1080 sed
881 1013 922 1079 ad
948 1011 1135 1090 evitandum
1162 1012 1359 1079 deformita-

271 1114 337 1166 tem
353 1122 418 1167 sese
434 1098 498 1167 illis
521 1100 723 1166 conforment
740 1116 887 1190 oportet,
905 1121 972 1166 non
995 1115 1102 1165 tamen
1122 1097 1182 1164 sub
1201 1100 1295 1185 gravi
1310 1120 1361 1185 cas

270 1185 492 1277 negligerent,
516 1203 649 1253 notante
667 1186 796 1255 Suario.
817 1186 935 1253 Censet
950 1203 1056 1253 tamen
1073 1185 1226 1251 Pontifex
1249 1202 1362 1254 contra

270 1271 445 1340 nonnullos
463 1271 657 1362 Regulares,
679 1276 827 1364 qubmvis
842 1289 1012 1341 teneantur
1030 1274 1072 1339 ad
1089 1274 1169 1339 festa
1183 1272 1361 1340 Dioeceseos

272 1383 311 1431 ex
327 1359 420 1426 Trid.
440 1361 521 1427 Sess.
540 1363 580 1426 25
598 1384 628 1427 c.
648 1381 686 1428 ιι
704 1360 753 1426 Re
775 1357 822 1427 ul.
843 1357 911 1428 n‘on
929 1377 1036 1427 tamen
1056 1359 1158 1426 teneri
1182 1360 1224 1425 ad
1239 1362 1361 1451 jejunia

269 1447 312 1514 sb
328 1446 489 1539 Episcopo
502 1448 644 1533 indicta,
662 1449 725 1514 nisi
743 1385 806 1513 alia
821 1447 1020 1515 consuetudo
1034 1448 1068 1512 in
1085 1445 1279 1538 quibusdam
1295 1447 1364 1514 Mo

269 1537 416 1690 opsterips
431 1536 516 1691 sorfit'e
531 1533 729 1690 inpaluisset.
748 1541 795 1603 De
810 1534 890 1625 syn.
908 1535 1010 1604 Dioec.
1029 1531 1054 1603 l.
1074 1532 1095 1600 8
1111 1555 1140 1602 c.
1160 1534 1233 1600 411.
1250 1535 1273 1600 5
1289 1532 1361 1603 etl.

271 1644 359 1690 rc.
419 1644 457 1690 n.
514 1638 547 1693 et
603 1645 686 1692 me.
1065 1642 1070 1655 ·
1157 1636 1160 1643 ’

709 1795 918 1866 TABACUS.

313 1970 478 2038 Tabacnm
494 1993 553 2061 per
571 1992 664 2038 nares
685 1971 829 2058 trahere,
847 1969 899 2037 vel
916 1972 984 2060 ejus
1012 1970 1137 2036 fumum
1152 1970 1188 2036 in
1207 1992 1244 2037 os
1261 1968 1364 2038 indu*

271 2081 342 2127 cere
357 2060 433 2126 ant'e
448 2058 553 2124 Missae
571 2055 840 2145 celebrationem,
857 2057 910 2124 vel
924 2058 1160 2124 communionis
1173 2059 1365 2149 perceptio*

268 2168 367 2232 nem,
384 2166 587 2236 nequaquam
601 2146 861 2212 interdicendum
878 2160 983 2212 censet
993 2144 1141 2211 Pontifex
1152 2194 1162 2221 ,
1175 2167 1283 2235 neque
1291 2167 1367 2235 pro·

270 2232 452 2298 bibendum
467 2231 610 2322 judicat,
627 2254 700 2298 cum
723 2233 766 2298 ob
781 2248 961 2323 receptam,
985 2253 1023 2296 ac
1040 2230 1267 2321 pervulgatam
1282 2236 1369 2323 ejus-

269 2321 361 2386 modi
377 2319 663 2404 consuetudinem,
683 2322 787 2386 omnis
803 2322 838 2385 in
853 2343 888 2387 ea
901 2342 935 2385 re
950 2318 1048 2384 modb
1064 2318 1147 2385 absit
1159 2317 1365 2403 inhonestas.

269 2424 303 2474 et
318 2407 514 2473 indecentia.
531 2406 583 2473 De
596 2404 718 2497 Synod.
733 2409 836 2474 Dioec.
846 2405 920 2472 Lib.
939 2429 958 2495 7
976 2427 1006 2472 c.
1018 2404 1058 2472 65
1075 2405 1139 2472 md
1150 2404 1217 2475 etl.
1233 2429 1274 2472 11
1286 2429 1316 2472 c.
1330 2404 1370 2493 ιδ4

268 2515 305 2561 ιι.
323 2494 343 2562 5
361 2516 395 2560 n.
410 2517 440 2562 e.

688 2578 952 2648 TERTIARIAE.

310 2753 504 2823 Mulieribus
513 2753 680 2823 Tertiariis
695 2778 763 2822 non
773 2751 981 2841 collegialiter
996 2753 1182 2822 viventibus
1196 2772 1264 2820 non
1308 2774 1365 2819 os·

268 2858 344 2910 sunt
355 2841 530 2929 Regulares
546 2843 622 2911 dare
637 2842 785 2910 habitum
808 2843 858 2909 sni
875 2840 1010 2911 Ordinis
1031 2842 1100 2909 sine
1117 2839 1248 2909 licentia
1295 2843 1365 2930 pis-

269 2929 343 3081 cppi
358 2931 560 3014 Dioecesani,
576 2932 628 2995 cui
646 2929 768 2998 debent
781 2931 844 2997 rite
853 2929 1014 3031 probare,
1030 2928 1149 2997 habere
1164 2951 1197 2994 se
1212 2926 1275 2993 hoc
1291 2928 1364 3016 pri-

211 3090 214 3096 ,
267 3016 300 3081 v'
317 3016 425 3101 egium
440 3014 532 3083 Sedis
548 3014 763 3105 Apostolioae,
780 3018 926 3084 foemrnas
944 3014 1015 3082 illas
1040 3036 1106 3082 esse
1128 3015 1271 3081 moribus
1289 3035 1365 3103 pro·

237 3114 240 3119 '
266 3103 379 3188 batas,
397 3099 516 3170 habere
532 3098 603 3169 illas
622 3101 705 3169 ultra
726 3127 850 3170 annum
868 3104 1029 3170 decimum
1046 3118 1218 3194 quartum,
1235 3102 1363 3166 tantum

268 3190 434 3281 possidere
450 3190 490 3257 de
511 3192 628 3255 annuis
644 3190 828 3278 reditibus,
841 3208 879 3257 ut
892 3191 1032 3259 habeant
1046 3190 1122 3256 satis
1137 3190 1178 3254 ad
1196 3185 1362 3261 alimenta,

269 3276 456 3366 acdenique
473 3297 540 3342 non
559 3297 633 3341 cum
650 3273 721 3342 aliis
737 3285 788 3344 ens
806 3277 1010 3353 cohabitare,
1033 3279 1129 3360 quum
1151 3294 1225 3336 cum
1248 3292 1364 3337 ueces-

267 3364 358 3432 soriis
368 3365 402 3428 in
413 3364 520 3452 primo
536 3362 662 3427 tantitm
678 3358 781 3446 gradu
798 3358 1107 3444 consanguinitatis,
1126 3355 1179 3423 vel
1196 3355 1360 3438 affinitatis

267 3451 330 3518 sibi
350 3449 551 3539 conjunctis,
571 3463 608 3512 ut
622 3469 662 3511 ex
677 3448 777 3516 Decr.
791 3444 826 3515 S.
843 3444 890 3513 Co
939 3470 1004 3533 reg.
1021 3446 1159 3509 incausa
1176 3442 1360 3518 Nazariensi

163 3590 165 3595 -
219 3540 322 3613 .die
341 3559 380 3602 lo
400 3538 476 3626 maji
511 3531 900 3622 1727.DeSyn.Dioec.
934 3532 1181 3619 ib.70.41n.
1208 3528 1359 3614 betl.9
1441 3536 1442 3549 ¹

269 3625 405 3690 c.·15n.
450 3636 574 3691 .n.e.'
692 3648 694 3655 ·

312 3645 479 3778 Tertiaiiae
503 3705 712 3795 collegialiter
727 3708 894 3793 viventes,
912 3710 995 3775 votis
1015 3723 1122 3774 tanen
1144 3701 1360 3781 solemnibus,

268 3814 301 3866 er
320 3796 473 3864 clausurae
488 3815 556 3861 non
571 3797 751 3881 adstricta,
764 3818 840 3862 curn
853 3797 1046 3863 sintcontra
1064 3788 1188 3860 Bullam
1205 3790 1239 3857 8.
1257 3790 1291 3858 S.
1309 3790 1360 3855 Pii-

268 3884 351 3953 vn
375 3881 410 3949 S.
428 3879 533 3968 cong.
553 3880 732 3950 tolerantur
749 3884 881 3973 potins,
902 3885 1036 3986 quiana
1083 3878 1260 3965 robentur,
1284 3889 1362 3944 sunt
1439 3900 1440 3951 ι

269 3985 377 4036 autem
394 3967 579 4036 omnimode
595 3970 747 4061 Episcopi
764 3971 979 4061 jurisdictioni
994 3904 1166 4057 milictae,
1181 3981 1220 4033 ut
1230 3984 1269 4033 ex
1279 3961 1359 4055 plu·
1439 3966 1440 4015 ἶ

268 4055 400 4125 nurus.
418 4054 539 4142 Gongr.
549 4056 704 4124 Decretis·
715 4058 822 4126 lnstit.
836 4057 957 4127 Ecclcs.
970 4080 1056 4148 2911.
1077 4055 1129 4123 15.

312 4143 478 4209 Tertiariae
499 4163 566 4210 non
591 4142 800 4231 collegialiter
824 4147 970 4214 viventes
988 4167 1057 4212 non
1083 4156 1217 4245 possunt
1238 4138 1354 4206 habere

269 4226 505 4299 Confessarium
520 4253 755 4389 quemcumgne
767 4235 864 4300 etium
877 4236 927 4301 sui
948 4233 1082 4301 Ordinis
1093 4281 1104 4319 ,
1114 4232 1176 4297 nrsi
1192 4225 1353 4319 approba-

266 4328 338 4382 tum
361 4316 402 4384 ab
417 4314 578 4408 Episcopo
599 4340 661 4409 pro
714 4320 949 4393 onfessionibus
962 4318 1173 4391 saecularium.
1194 4322 1270 4389 ltem
1284 4333 1350 4384 non
