2942 4717
424 211 509 304 Cap.
526 211 584 281 ΙΙΙ.
600 212 651 282 De
666 212 833 283 ordiniims
848 217 883 282 in
899 217 1016 306 speeie.
1191 208 1261 306 975

161 320 333 397 bertinus
350 325 366 419 l
382 324 494 400 Notif.
515 352 560 424 77
584 354 622 401 n.
648 352 668 400 2
687 328 702 422 )
720 329 820 426 quod
840 331 992 503 praelata
1017 324 1175 405 Robrica
1196 327 1265 401 dea

163 423 279 494 ducta
302 425 348 496 sit
362 451 405 498 ex
429 425 599 498 doctrina
621 427 658 501 S.
682 427 818 501 Thom.
914 442 980 500 art.
999 453 1063 528 qu.
1081 432 1128 527 725
1145 422 1261 501 art.5

160 522 213 592 od
232 547 253 593 2
271 525 334 620 qui
347 524 473 615 docet,
492 549 566 596 non
584 550 691 624 posse
711 527 863 625 quidem
879 455 1156 599 §aeramentum
1170 551 1263 599 con·
1357 580 1362 589 -

163 619 228 692 fici
252 619 299 691 de
322 639 450 707 aceto,
471 646 579 719 posse
602 636 721 694 tomen
745 624 874 721 carifici
886 626 931 697 de
955 625 1034 697 aino
1052 622 1266 714 acescenti,

163 720 265 816 qood
279 736 334 792 cst
351 720 386 790 ln
405 720 460 791 via
475 719 527 789 ad
547 718 816 816 corruptionem.
833 779 841 794 .
858 779 914 796 ....
945 722 1026 794 licat
1033 739 1159 818 peccet
1175 746 1265 795 con·
1319 804 1323 807 ,

161 815 304 896 ficiens.
333 818 446 892 Unde
472 817 631 890 Robrica
658 844 731 891 non
760 820 905 893 ridetur
930 819 1144 918 accipienda
1173 847 1262 894 cum

165 926 272 988 tauto
290 918 428 1015 rigore,
452 929 495 987 ut
520 916 810 1015 comprehendat
830 945 958 993 omnes
984 922 1093 992 etitm
1122 919 1264 1019 primos

167 1013 304 1108 gradus
320 1013 549 1102 acrimoniae,
570 1014 636 1087 sed
652 1015 795 1089 tantiam
819 1018 904 1090 illos
923 1072 934 1103 ‚
955 1019 1021 1118 qui
1043 1024 1118 1116 jam
1140 1017 1266 1116 proxi·-

166 1111 229 1184 me
249 1114 432 1211 incipiunt
452 1113 675 1186 constituere
691 1115 819 1189 vinum
843 1141 1035 1206 acescens,
1054 1115 1166 1214 vulgo
1187 1115 1286 1190 diem

165 1224 270 1298 tum,
289 1212 367 1283 cino
386 1212 476 1284 collo
494 1226 632 1308 punto,
658 1213 757 1299 sive,
776 1217 908 1299 andalo
933 1213 1002 1286 allo
1026 1220 1170 1310 sponte.
1190 1214 1269 1289 Nec

165 1307 259 1380 licet
271 1334 483 1383 consecrare
496 1311 534 1382 in
548 1312 633 1382 rino
651 1312 867 1410 congelato,
884 1313 954 1385 nisi
972 1311 1156 1410 liquefiat,
1175 1313 1270 1387 dum

168 1425 411 1482 consecratur
435 1405 492 1501 (l.
521 1408 548 1482 6
573 1411 637 1481 cit.
664 1436 704 1482 n.
725 1436 808 1510 207.
827 1413 897 1504 Qu.
920 1412 964 1484 II.
980 1420 994 1505 )
1012 1411 1122 1504 Quod
1143 1426 1270 1486 autem

169 1506 300 1579 vinum
319 1506 555 1607 congelatum
569 1506 616 1578 sit
633 1509 781 1582 materia
798 1527 906 1607 apta,
926 1511 1057 1607 nequit
1074 1507 1237 1582 dubitari
1258 1563 1271 1597 ,

123 1683 126 1689 .
170 1605 264 1676 dum
283 1601 663 1680 diciturinRubrica.
681 1607 696 1704 (
713 1606 917 1683 deDefect.
934 1606 1048 1703 §inlr
1075 1609 1211 1704 eme):
1232 1605 1277 1680 Si

166 1704 211 1774 in
231 1702 359 1803 hyeme
382 1701 529 1799 sanguis
546 1704 745 1801 congeletur
760 1704 797 1776 in
814 1706 921 1779 cclt'ce
936 1762 945 1792 ‚
962 1633 1160 1778 invadatur
1174 1704 1248 1778 ccl'

164 1803 302 1902 pannis
313 1798 497 1883 calefactis
513 1815 580 1875 etc.
594 1805 707 1877 donec
723 1802 891 1900 liquefiat.
905 1801 1003 1902 Ergd
1018 1830 1087 1903 per
1101 1801 1274 1900 congela-

172 1903 314 1973 tionem
333 1927 411 1974 non
428 1912 722 1997 corrumpuntur
738 1904 878 2001 speeies
897 1904 996 1993 vini,
1014 1904 1103 1975 alias
1122 1902 1273 1975 desine-

172 2016 235 2072 ret
261 2026 338 2074 esse
363 2000 417 2074 ibi
447 1997 595 2095 sanguis
619 1998 785 2100 Christi(
805 2000 888 2076 vide
907 2000 960 2074 ib.
977 2003 992 2099 )
1008 2000 1109 2095 Quid
1126 2000 1157 2073 si
1175 2000 1274 2074 cele·

172 2098 287 2171 bran's
311 2099 351 2171 iu
379 2097 590 2196 sumptione
607 2095 835 2192 adverteret,
863 2101 990 2174 vinum
1012 2124 1091 2174 esse
1113 2125 1274 2199 corrup-

148 2199 283 2269 ·tum?
300 2195 376 2270 Alii
408 2195 539 2269 dieunt
563 2195 757 2280 sufficere,
787 2197 829 2272 itt
856 2197 934 2272 sola
959 2201 1020 2272 fiat
1045 2201 1273 2272 consecratio

173 2297 263 2370 vini.
279 2294 351 2369 Sed
368 2291 500 2368 melius
517 2305 572 2365 est
594 2298 693 2391 iuxta
711 2293 907 2369 Rubricam
926 2300 941 2394 (
961 2296 1033 2370 nisi
1052 2296 1146 2370 adsit
1163 2323 1275 2371 scan-

169 2392 479 2488 dalum)iteri1m
492 2391 620 2463 vinum
638 2446 647 2482 ‚
665 2408 701 2467 et
716 2419 850 2478 novam
867 2395 1272 2491 laostia'mlconsecrare

173 2493 388 2592 incipiendo
406 2498 427 2566 t
445 2489 563 2565 verbis
584 2518 592 2561 ι
620 2489 691 2590 (lui
706 2492 820 2588 prt‘dld
843 2508 910 2567 etc.
928 2496 978 2567 Et
998 2494 1037 2566 in
1064 2491 1179 2566 dubio
1196 2549 1204 2579 ,
1224 2518 1275 2569 on
1351 2562 1353 2566 ,

171 2591 286 2687 fuerit
305 2591 455 2665 materia
480 2604 587 2686 apta,
612 2592 724 2663 etiam
749 2603 805 2663 est
827 2590 1024 2690 repetenda
1046 2592 1274 2665 consecratio

174 2692 250 2764 vini
273 2691 343 2765 sub
364 2686 577 2766 conditione
593 2740 603 2772 .
626 2701 667 2762 ut
685 2686 807 2762 verius
826 2695 930 2787 ajunt
949 2690 1082 2782 Croix,
1100 2688 1275 2791 Pasqual.

173 2803 213 2862 et
231 2792 366 2865 Aversa
388 2794 402 2886 (
427 2790 556 2860 contet
579 2784 760 2860 Tambur.
780 2802 815 2861 et
833 2790 939 2889 Spor.
960 2789 976 2882 )
996 2790 1081 2889 quia
1099 2788 1276 2887 praevalet

176 2886 356 2986 obligatio·
369 2885 533 2960 faciendi
544 2886 823 2962 Sacramentum
842 2889 1027 2992 integrum
1043 2889 1058 2988 (
1072 2886 1098 2960 l.
1110 2887 1186 2963 611.
1202 2887 1277 2964 206
1294 2910 1301 2941 ¹
1373 2957 1375 2961 ,

175 3013 211 3060 r.
264 2987 371 3062 atad.
599 3060 602 3065 ⁴

224 2990 452 3185 Iersoper)ad
471 3079 633 3155 validam
654 3081 970 3158 consecrationem
986 3084 1211 3184 requiritur,
1232 3095 1276 3160 ut
1319 3144 1323 3161 t

173 3185 328 3257 materia
347 3211 368 3258 r
381 3185 427 3256 sit
438 3180 661 3255 sensibiliter
675 3185 690 3281 (
704 3181 834 3257 saltem
853 3182 1070 3277 moraliter)
1088 3209 1247 3283 presens
1264 3169 1316 3285 θ’

177 3281 279 3356 undis
294 3280 455 3355 invalidi
467 3293 709 3354 consecratur
722 3281 873 3354 materia
887 3283 964 3353 tim
976 3280 1144 3370 modica,
1158 3298 1198 3356 ut
1211 3309 1278 3357 ne·

151 3466 153 3472 ,
176 3396 292 3482 queat
304 3407 413 3456 sensu
429 3378 569 3479 percipi
584 3431 593 3462 ‚
611 3377 793 3453 autvalde
807 3392 949 3453 remota
964 3380 1043 3463 ,vel
1060 3382 1175 3479 posita
1194 3395 1277 3480 post

179 3494 346 3576 tergum,
362 3493 424 3553 aut
441 3480 630 3579 parietem.
650 3477 796 3551 Dicitur
811 3477 899 3551 vero
913 3479 1037 3551 saltim
1056 3478 1246 3554 moraliter
1264 3534 1280 3569 ,

181 3578 380 3678 quia'bene
395 3588 585 3650 consecrat
602 3596 748 3662 cecus,
768 3575 827 3649 rel
850 3575 1008 3649 existens
1026 3575 1066 3648 in
1084 3576 1246 3650 tenebris
1265 3635 1281 3669 ,

174 3679 212 3750 si
230 3676 380 3752 aliunde
399 3690 520 3749 certus
546 3674 594 3747 sit
620 3673 810 3747 moraliter
832 3674 878 3749 de
904 3675 1094 3774 praesentia
1116 3675 1279 3750 materiae

173 3780 195 3870 f(
215 3774 242 3849 l.
257 3775 282 3847 6
300 3800 336 3847 n.
360 3801 423 3848 211
446 3771 492 3846 ad
514 3772 595 3845 213.
612 3787 628 3869 )
647 3774 892 3872 Requiritura
910 3782 952 3845 ut
964 3774 1011 3846 sit
1026 3786 1144 3858 certa,
1160 3788 1197 3846 et
1214 3773 1281 3845 de‹

178 3876 404 3958 terminata,
423 3874 438 3963 (
461 3870 591 3944 saltem
613 3869 740 3968 aliquo'
764 3869 875 3944 modo
894 3884 1018 3957 certo,
1038 3874 1130 3969 pute
1150 3871 1281 3972 primm

181 3974 268 4051 duae
282 3973 409 4046 hostire
427 3983 593 4069 exparte
611 3968 736 4042 dextra
752 3976 767 4064 )
782 3995 792 4056 ς
806 3983 894 4042 tunc
913 3982 1035 4040 autem
1052 3973 1125 4068 jam
1146 3995 1281 4044 conse·-

181 4086 307 4150 eratur
318 4097 362 4147 ex
380 4071 584 4147 intentione
599 4067 772 4172 virtuali!
786 4067 874 4155 lieet
888 4067 989 4142 illius
1001 4064 1177 4145 Sacerdos
1192 4071 1286 4146 cois«.
