2942 4717
242 257 287 373 '36
595 270 732 353 fraxin
749 270 955 355 confessarii.
977 295 1007 351 s
1038 363 1045 372 ,

218 373 224 386 l
243 386 356 488 igitur
374 385 526 472 honor,
557 382 622 482 qni
649 384 691 464 fit
720 383 911 460 Defunctis
927 438 936 465 ,
955 384 1074 481 major
1091 398 1234 468 nonest
1246 382 1335 476 illo,
1399 410 1404 421 ⁴

240 489 310 589 qni
329 486 421 568 ,vivis
449 482 665 580 exhibetur,
691 508 761 554 nec
785 480 1011 554 contumelia
1036 487 1155 579 major
1168 485 1246 557 erit.
1265 485 1336 562 sed

149 585 154 591 ’
243 612 313 678 cur
333 584 494 684 (subdit.
514 588 653 657 Auctor
669 581 872 680 Epistulae)
897 579 994 677 leges
1013 580 1158 679 gravibs
1176 584 1339 682 puniunt

244 681 306 774 eos
332 737 341 771 ,
374 685 439 783 qui
468 679 641 764 adrersbs
674 679 860 754 Cadavera
883 679 1066 771 saeviunt?
1092 681 1336 778 Respondeat

239 785 432 891 puniunt,
451 809 527 855 non
548 780 686 876 ratione
703 774 963 865 contumeliae,
981 778 1045 863 sed
1063 780 1203 855 ratione
1221 781 1339 879 iniqui

243 873 384 973 animi,-
405 882 468 980 qui
491 881 529 952 in
547 878 611 952 tali
627 884 768 953 actione
782 875 1035 951 manifestatur
1050 933 1059 963 ,
1075 892 1112 951 et
1132 878 1197 978 qui
1215 878 1339 952 adhbc

186 1028 188 1033 .
243 983 284 1057 in
302 979 493 1053 occidente
515 977 681 1073 infideli,
703 992 768 1050 aut
786 976 965 1049 Haeretioo
985 980 1005 1050 a
1024 975 1103 1074 lege
1121 977 1342 1053 mulctatur.

185 1123 186 1126 ¹
244 1078 328 1160 Atio
360 1079 423 1152 uin
446 1079 476 1150 si
494 1077 567 1150 hoc'
585 1091 678 1149 esset
694 1077 732 1147 in
751 1101 789 1148 se
806 1074 922 1172 gravis
938 1074 1165 1149 Cadaverum
1180 1076 1343 1175 injuria,

245 1106 414 1274 ejusdem
436 1175 607 1266 criminis·
622 1190 743 1250 essent
763 1176 839 1265 rei,
859 1172 923 1273 qui
945 1173 993 1260 ob
1014 1201 1123 1262 usum
1137 1176 1344 1254 Anatomiae

122 1357 124 1360 ,
246 1269 327 1378 ipsa
343 1276 519 1370 incidunt
538 1291 573 1347 et
594 1274 747 1346 laniant.

252 1373 258 1462 J
295 1374 486 1465 Caeterum,
506 1372 568 1459 id,
587 1372 688 1472 quod
706 1370 919 1464 concludo,
941 1385 1020 1458 est,
1044 1370 1347 1452 maledictionem

246 1474 285 1564 in
303 1476 494 1563 MortuoS,
513 1498 579 1571 per
594 1498 632 1543 se
650 1470 862 1570 loquendo,
876 1496 945 1543 nec
960 1469 1258 1569 blasphemiam,
1275 1495 1345 1547 nec

165 1573 170 1574 ⁷
242 1572 397 1674 culpam
416 1570 610 1644 mortalem
630 1596 719 1656 esse.
743 1570 951 1642 Etinvenio
968 1627 977 1659 ,
992 1570 1096 1669 qnod
1113 1587 1184 1642 tres
1202 1571 1348 1648 Aucto-v

188 1743 191 1748 ,
246 1698 307 1758 res
321 1675 419 1769 (ajam
436 1674 476 1743 in
492 1673 615 1764 Opere
629 1670 752 1761 citati)
774 1669 839 1769 qui
854 1667 923 1741 soli
936 1668 981 1740 de
993 1669 1063 1742 hoc
1077 1683 1216 1767 puncto
1228 1670 1349 1765 scrip-

247 1771 392 1869 serunt,
411 1768 511 1844 idem
528 1769 824 1865 pronunciarint.
839 1770 1015 1841 Praeterea
1030 1825 1038 1852 ‚
1052 1795 1119 1866 ego
1134 1795 1202 1866 pro
1218 1765 1351 1861 majori
1444 1799 1445 1806 ¹

248 1865 341 1942 aneae
359 1867 596 1946 conscientiae
617 1893 728 1966 pace,
756 1864 803 1938 de
830 1866 901 1937 hoc
927 1866 1099 1965 pluribus
1115 1865 1236 1948 doctis
1248 1866 1350 1939 Viris

229 1961 447 2065 Neapolim
475 1968 628 2065 scripsi,
651 1981 687 2039 et
711 1967 822 2058 etiam
852 1965 970 2037 tribus
993 1964 1351 2063 Congregationibus

247 2052 554 2162 Presbyterornm
578 2063 813 2136 saecularium
833 2065 1070 2149 Missionibus
1088 2064 1352 2152 addictorum,
1405 2102 1407 2106 ·

250 2153 317 2268 ubi
335 2162 404 2262 flos
423 2162 521 2236 Cleri
537 2163 771 2261 Neapolitani
787 2163 910 2235 existit
923 2179 987 2253 ,et
1002 2189 1076 2236 uno
1095 2161 1268 2262 exemplo
1282 2163 1357 2234 fue·
1444 2251 1445 2254 Ἴ

249 2264 341 2335 runt
357 2288 533 2358 responsa
547 2264 670 2335 omnia
690 2289 779 2354 meae
797 2264 987 2334 sententiae
1004 2264 1222 2338 conformia.
1240 2264 1295 2338 Ac
1310 2261 1355 2335 P.

250 2356 474 2443 sabbatinus
489 2364 603 2450 (tunc
622 2362 797 2532 temsoris
817 2363 900 2459 pius
915 2361 1136 2461 Operarius‚
1159 2386 1264 2436 nune
1281 2353 1357 2458 dig'·
1444 2355 1445 2362 ’

251 2460 428 2542 nissimus
444 2458 591 2558 Aquilae
617 2463 697 2532 Prae
714 2458 820 2555 atus)
843 2459 936 2531 mihi
963 2459 1174 2558 respondit,
1197 2473 1356 2536 cunctos

249 2550 333 2657 jains
349 2553 546 2656 Operarios
559 2617 569 2646 ,
584 2561 660 2632 tim
679 2573 896 2656 praesentes,
912 2562 1023 2657 qnam
1041 2562 1237 2657 antiquos,
1255 2557 1357 2635 idem

211 2690 237 2726 -ι
253 2657 490 2748 uniformiter
504 2657 868 2758 sensissexlnsupers
888 2684 972 2730 cnm
990 2659 1189 2758 quamdam
1201 2660 1358 2757 Episto-

213 2791 218 2794 ·
252 2747 330 2840 Iam
351 2753 396 2827 de
426 2756 497 2828 hnc
525 2771 665 2854 puncto
692 2756 787 2856 typis
819 2754 1014 2840 dederim,
1045 2755 1221 2830 adversita
1240 2782 1358 2856 quam

255 2843 497 2955 postmodnm
516 2855 704 2954 Anonymi
722 2854 889 2952 Epistola
907 2854 1066 2955 prodiit,
1083 2856 1129 2928 de
1146 2882 1224 2955 quo
1244 2858 1359 2953 supra

252 2947 484 3054 mentionem
502 2957 575 3052 iarn
588 2953 657 3026 feci
672 3009 680 3039 ,
696 2954 823 3051 accepi
835 2958 1025 3054 tamquam
1036 2970 1178 3027 certum
1193 3011 1202 3039 ,
1220 2969 1360 3026 ntram÷

249 3077 330 3151 qne
341 3051 561 3150 'scripturam
577 3052 751 3126 aN'uncio
762 3056 1010 3125 transmissam
1025 3054 1135 3127 fnisse
1147 3052 1196 3130 ad
1209 3052 1359 3125 Summ.

253 3153 365 3254 lJont.
384 3148 522 3249 Bened.
540 3150 641 3234 XIV,
658 3153 723 3251 qni
744 3145 941 3247 postquam
957 3179 1086 3225 curam
1107 3150 1256 3228 dederit
1272 3177 1360 3224 con-

255 3248 472 3333 troversiam
502 3247 726 3340 discutiendi
751 3250 794 3322 R.
823 3251 866 3322 P.
893 3252 941 3323 D.
963 3250 1118 3325 Thomae
1143 3251 1273 3349 Sergio
1294 3252 1362 3322 Pio

252 3343 459 3447 Operatio,
475 3348 513 3423 S.
530 3347 649 3422 Officii
664 3349 789 3420 Romae
804 3348 1014 3440 Consultori
1028 3352 1042 3440 (
1054 3352 1234 3449 quinunc
1248 3374 1363 3444 snum

258 3446 353 3520 obiit
376 3446 516 3543 diem),
543 3448 621 3544 ipse
641 3450 777 3545 pariter
798 3474 945 3521 mecum
965 3451 1102 3538 sensit,
1120 3448 1364 3527 maledictio-

254 3534 345 3636 nem
368 3546 588 3638 Mortuerum
613 3571 689 3619 non
713 3572 790 3620 esse
816 3546 1099 3647 blasphemiam.
1127 3547 1176 3619 Et
1208 3546 1258 3618 ab
1288 3547 1363 3619 alio

256 3643 300 3720 P.
327 3643 393 3718 Pio
424 3643 604 3742 Operariu
633 3644 726 3718 mibi
745 3644 965 3724 affirmatum
990 3644 1126 3719 deinde
1142 3645 1234 3733 fuit,
1258 3644 1366 3745 quod

234 3789 238 3795 ·
256 3739 360 3846 idem
378 3743 489 3816 etiam
505 3743 695 3842 Pontifex,
712 3743 858 3841 cognita
874 3745 917 3818 P.
936 3746 1051 3845 Sergii
1069 3744 1279 3832 sententia,
1298 3772 1364 3818 os·

258 3839 420 3914 tenderit
437 3897 446 3927 ‚
463 3867 502 3939 se
520 3867 600 3914 eam
621 3842 839 3941 approbare.

265 3976 270 3984 ·
311 3941 368 4012 30.
387 3937 626 4038 Dubitatnrb
650 3968 696 4013 an
708 3940 939 4026 ‘maledicere
957 3940 1098 4013 Mundo
1116 3942 1161 4016 sit
1177 3940 1365 4043 blasphe-

159 4081 163 4087 ν
259 4036 346 4109 mia.
366 4039 504 4112 Auctor
523 4039 637 4137 ipsius
657 4039 912 4114 instructionis
926 4042 1087 4137 negavit,
1106 4040 1171 4114 sed
1188 4070 1260 4141 ego
1276 4069 1366 4115 con·

259 4136 420 4240 ararium,
436 4136 579 4234 ostendi
605 4138 708 4240 (Lib.
737 4140 758 4216 3
782 4167 821 4214 u.
856 4163 973 4238 ¹²9>V2
993 4139 1067 4226 Sed
1083 4139 1368 4250 hunanitas.
