2942 4717
248 271 356 363 Capit.
374 270 433 353 IX.
450 271 528 361 tn.
544 272 595 339 De
607 269 767 340 Oratione
781 268 982 364 contempl„
998 288 1063 341 cte.
1141 289 1205 363 ¹²7

135 381 313 458 concludit
328 383 432 458 idem
453 388 495 459 P.
523 385 696 482 Segmri,
718 384 841 486 quod,
863 381 1013 485 quandb
1032 385 1131 458 Dens
1145 381 1207 454 lo·

136 485 245 580 quitur
256 498 294 555 et
307 499 503 582 operatur3
522 498 707 583 oporteat,
726 499 767 555 ut
786 484 907 555 anima
924 497 1061 568 taceat,
1078 496 1115 556 et
1127 508 1206 555 ces·

135 596 181 651 set
193 586 209 652 l
224 584 301 654 suis
310 581 586 683 operationibus
599 638 609 668 ,
626 580 722 654 nihil
735 580 839 654 aliud
848 579 1024 680 ponendo
1036 605 1078 654 ert
1092 579 1206 653 latere

133 703 189 749 sno
207 680 307 752 circa
333 682 588 780 principium,
612 686 723 778 quim
749 681 989 752 attentionem
1005 679 1207 778 quamdam

136 777 254 849 amoris
277 776 326 850 ad
343 779 483 852 divinas
498 783 750 879 operationes:
765 778 828 851 sed
847 774 998 877 quandb
1010 779 1109 850 Deus
1130 803 1206 850 non

137 870 308 971 loquitur,
332 902 478 951 necesse
497 893 574 964 est,
594 893 637 972 ut
653 878 774 950 anima
795 901 835 949 se
850 876 1000 974 adjuvet
1013 899 1056 947 eo
1071 874 1207 960 modo,

142 997 193 1069 quo
201 988 323 1073 potest
335 975 382 1048 ad
395 976 697 1074 conjungendum
712 999 751 1048 se
762 973 996 1062 De0,scilicet
1009 975 1210 1047 meditatio·

138 1068 258 1170 nibus(
270 1071 419 1171 quando
438 1073 493 1148 hae
511 1090 599 1148 sunt
619 1073 868 1164 necessaria),
889 1070 1096 1159 affectibus,
1116 1098 1207 1172 pre·

136 1167 245 1254 cibos,
262 1186 298 1244 et
312 1169 697 1257 determinationibus,
714 1169 919 1244 dummodb
938 1184 1041 1244 actus
1055 1170 1113 1243 isti
1129 1196 1208 1246 non

135 1265 319 1341 eliciantur
331 1269 436 1342 inviti
448 1299 456 1341 :
469 1268 569 1344 unde
585 1272 641 1344 illi
655 1268 912 1344 tantummodo
926 1285 1012 1344 sunt
1026 1267 1204 1361 faciendi,

134 1365 256 1463 quibus
270 1393 310 1441 se
329 1371 451 1442 anima
470 1373 582 1442 sentit
600 1371 758 1442 suaviter
768 1365 998 1442 inclinatam.

180 1469 258 1539 128.
279 1469 436 1566 Insuper
454 1468 720 1544 advertendum
735 1483 810 1554 est,
838 1466 939 1568 quod
955 1467 1081 1553 Deus,
1106 1479 1205 1539 ante·

44 1645 45 1654 ἵ
134 1566 235 1658 quim
249 1565 464 1640 introducat
478 1566 639 1640 animam
654 1568 693 1639 iu
708 1565 911 1639 orationem
928 1563 1207 1665 contemplatio·

132 1657 333 1748 nis‚soleat
350 1691 431 1738 eam
450 1691 520 1764 pur
547 1691 606 1756 are
624 1721 635 1756 ‚
652 1664 824 1765 ponendo
843 1664 880 1737 in
900 1661 1065 1737 ariditate
1082 1689 1207 1763 super·

43 1823 44 1858 ,
121 1761 304 1852 naturali,
330 1787 412 1863 quae
437 1692 646 1864 appellatur
659 1759 821 1861 porgnttir
840 1759 1050 1856 spt'rr‘tualtir,
1070 1776 1109 1834 nt
1125 1787 1208 1837 eam

43 1869 44 1888 ¹
132 1859 291 1953 purificet
312 1863 331 1931 t
350 1860 424 1936 suis
438 1859 777 1962 imperfectionibus
796 1914 806 1945 ,
824 1883 907 1958 quae
922 1854 977 1931 illi
998 1857 1210 1957 impediunt

43 2045 44 2054 ἵ
132 1957 488 2056 contemplationem.
505 1967 626 2060 Atque
645 1959 706 2032 hle
721 1955 1024 2056 distinguendum
1043 1972 1098 2031 est
1113 1960 1209 2034 inter

43 2069 44 2096 ¹
132 2052 328 2130 ariditatem
351 2056 575 2140 sensibilem,
611 2082 694 2158 quoe
721 2057 880 2157 pertinet
903 2054 949 2129 ad
978 2081 1147 2145 sensum,
1171 2072 1210 2132 et

43 2193 44 2226 ;
133 2149 329 2226 ariditatem
351 2154 640 2242 substantium,
667 2180 751 2257 quae
797 2156 929 2228 ertinet
956 2153 1004 2228 ad
1021 2156 1209 2254 spiritum.

42 2239 44 2324 i
131 2250 282 2325 Ariditas
297 2252 470 2325 sensibilis
490 2254 552 2351 (de
573 2183 797 2326 substantiali·
811 2247 1009 2353 loquemur
1026 2279 1132 2327 num.
1150 2281 1207 2329 se·

136 2352 269 2445 quenti)
289 2349 439 2451 qnandb
471 2367 527 2425 est
557 2350 731 2425 naturalis
763 2352 835 2424 fert
866 2375 991 2426 secum
1022 2351 1213 2448 quoddam

135 2446 277 2522 taedium
293 2475 415 2524 rerum
439 2448 710 2548 spiritualium,
738 2464 774 2521 et
797 2448 1060 2522 obscuritatem
1080 2461 1210 2548 quarn.

42 2627 43 2642 χ
136 2540 213 2617 dam
236 2545 427 2636 leviorem,
445 2564 480 2621 et
500 2546 623 2621 minius
642 2545 871 2632 durabilem
899 2542 964 2619 sed
988 2547 1138 2646 quandb
1154 2565 1214 2624 ests

42 2647 43 2740 l
137 2646 437 2742 supernaturalis,
465 2645 511 2719 de
539 2673 612 2745 qua
639 2646 701 2718 htc
726 2672 746 2716 a
773 2646 895 2734 mus,
918 2651 1024 2746 ponit
1049 2647 1210 2721 animam

137 2738 173 2811 in
193 2745 349 2842 quadam
366 2744 587 2818 obscuritate
607 2672 859 2844 profundiori,
885 2767 969 2846 quae
991 2740 1129 2817 diutiirs
1144 2745 1212 2820 du·

42 2851 43 2924 t
97 2903 100 2910 ,
138 2839 204 2927 rat,
220 2859 256 2916 et
272 2842 438 2942 quotidie
458 2848 575 2938 majus
602 2842 737 2941 accipit
753 2843 1038 2916 incrementum.
1057 2840 1209 2918 Nihilo-

139 2938 252 3012 miritis
270 2942 392 3016 anima
412 2943 451 3016 iu
473 2942 536 3015 tali
553 2956 648 3014 statu
664 2943 861 3015 constituta
880 2996 890 3031 ,
913 2937 1001 3013 licet
1015 2943 1150 3016 sentiat
1171 2970 1212 3018 se

139 3041 241 3134 magis
261 3043 281 3110 l
299 3040 475 3112 creatoris
500 3039 719 3123 alienatam,
746 3053 782 3112 et
800 3038 931 3112 lrabeat
953 3039 1212 3137 cogitationem

137 3156 272 3234 semper
285 3138 323 3209 iu
338 3139 456 3211 Deum
472 3138 646 3228 defixam,
660 3141 732 3212 nul
749 3164 834 3211 corn
849 3137 989 3236 ingenti
1006 3137 1186 3213 desiderio
1199 3199 1215 3227 ,

42 3269 43 3274 =
138 3247 169 3302 et
186 3234 489 3310 determinatione
505 3262 590 3308 eum
607 3234 767 3351 perfecte
785 3235 950 3317 arnandi,
966 3249 1089 3309 tamen
1103 3242 1215 3315 sentit

139 3353 172 3402 se
192 3332 373 3407 redditam
394 3340 582 3435 tamquam
605 3348 846 3434 impotentem
863 3329 910 3424 ati
934 3331 1006 3408 boc
1024 3361 1213 3435 exequen-

137 3426 219 3503 dum
237 3430 286 3505 ob
314 3458 398 3506 suas
423 3433 737 3531 imperfectiones,
763 3458 919 3532 quarum
942 3436 1051 3506 causi
1068 3435 1213 3512 videtur

136 3522 219 3601 facta
237 3532 313 3604 Deo
338 3529 486 3604 odibilis
504 3529 594 3605 :sed
619 3533 784 3622 interet3
815 3530 886 3605 hoc
905 3556 990 3620 ,non
1018 3530 1185 3608 obstante
1197 3592 1226 3626 v,

136 3647 204 3697 nou
219 3642 335 3702 cessat
357 3653 395 3702 se
417 3628 513 3703 recte
533 3654 655 3729 gerere
674 3631 712 3702 in
726 3629 934 3703 virtutibus.
952 3625 1041 3702 Haec
1058 3631 1209 3708 molesta

141 3723 278 3800 ariditas
297 3740 352 3799 est
377 3728 529 3843 quidam
547 3742 683 3802 tractus
710 3731 859 3826 gratioe,
889 3743 943 3802 est
958 3728 1021 3802 lux
1038 3729 1211 3826 quaedam

139 3810 440 3916 supernaturail133
464 3824 529 3900 sed
554 3827 644 3916 lux,
666 3853 747 3929 quae
768 3826 871 3901 affert
889 3852 1064 3927 poerram,
1087 3843 1123 3900 et
1146 3826 1213 3901 ob·
1317 3837 1330 3862 '

139 3924 360 4031 scuritatem,
381 3926 558 4025 quoniam
576 3924 698 3999 rolens
713 3952 753 3998 se
771 3925 871 3999 nudo
885 3923 1030 4036 spiritui
1049 3952 1212 4000 commu-

139 4038 274 4110 nicare,
300 4037 337 4095 et
353 4025 541 4098 inveniens
559 4050 713 4110 sensus,
735 4038 845 4138 atque
871 4026 1051 4123 potentias
1081 4026 1212 4102 animae

136 4115 192 4228 'sui
206 4146 284 4232 uon»
294 4120 419 4197 adhinc
437 4147 614 4229 capaces,
631 4148 674 4200 ex
688 4148 757 4229 eo,
775 4147 861 4224 quta
877 4119 1047 4208 nondum
1064 4115 1215 4226 prorsits
