2942 4717
131 351 134 357 ,
355 288 371 323 ·«
437 271 653 365 tropa-artur
670 266 936 341 setestatus
1159 246 1267 364 sot¹

135 402 153 446 ,·
168 377 171 381 ’
187 381 256 459 Non
268 379 342 453 licet
356 380 474 473 absque
488 384 672 453 necessitate
687 383 884 473 Baptismurn
897 379 1088 453 conformia
1103 381 1222 470 priva-

146 467 468 537 tisdomihratnrrit.
485 466 605 539 Eccles.
623 466 666 557 98
680 491 715 535 ιι.
730 487 763 552 9.
849 510 851 514 ,
894 505 897 513 ·
964 519 965 523 η

133 612 138 615 ,
185 552 273 621 Nihil
288 544 385 622 officit
400 554 563 622 validitati'
575 554 728 645 Baptismi
748 577 837 621 error
849 554 994 644 privatus
1009 553 1222 644 baptizantis,

143 638 314 790 ,dDummpdb
327 643 361 706 in
379 643 510 708 materia
520 688 532 727 ,
548 657 582 708 et
602 643 705 716 forma
726 639 811 717 nihil
829 643 1014 708 innovetur.
1031 642 1080 707 De
1097 640 1220 729 Synodt

175 726 278 791 ioec..
334 729 505 793 etin..
578 764 581 770 Δ

183 751 413 904 Ιιιιιιιιιῖιιιιιῇιιι
433 745 657 903 coipusculum
671 813 817 879 nondum
835 812 976 879 emetur
992 828 1083 881 utero
1106 810 1224 902 prodi-

144 897 208 982 vit,
223 900 278 964 sed
295 916 439 967 materno
455 915 547 965 utero
567 902 631 988 jam
651 915 789 967 reserato
802 921 881 964 mox
903 900 1089 988 proditurus
1107 915 1173 985 est,
1191 915 1224 967 et

141 985 308 1053 moriturus
329 987 481 1071 timetur,
502 984 599 1051 debet
619 985 753 1050 inducti
771 1006 854 1076 aqua
876 983 1089 1055 instrumento
1113 983 1222 1076 aliquo
1262 1026 1265 1035 ν

139 1066 377 1222 Ιιιρῑίιιιὲἰμειὲ
390 1070 451 1137 sub
465 1072 651 1173 conditione
666 1071 876 1161 baptizandus
888 1087 945 1139 est.
956 1072 1008 1139 De
1022 1071 1101 1161 syr.
1118 1071 1221 1138 Dioec.

155 1200 163 1219 .
216 1179 255 1221 c..
298 1180 332 1223 n.
377 1204 386 1222 .
544 1190 546 1194 v
678 1200 681 1207 -
949 1180 954 1184 ·
989 1214 992 1219 .

134 1302 138 1315 ,
180 1179 213 1306 bi
229 1243 308 1309 verb
326 1244 431 1311 infans
449 1241 556 1333 aliqua
577 1244 626 1308 sui
643 1243 785 1333 corporis
801 1258 915 1342 parte,
934 1242 1003 1315 nori
1021 1243 1099 1311 verb
1118 1245 1223 1333 capite

140 1328 314 1414 prodierit,
326 1329 536 1420 baptizandus
553 1341 600 1396 est
614 1328 673 1397 sub
686 1329 872 1397 conditione
890 1329 924 1394 in
943 1351 979 1395 ea
995 1346 1106 1419 parte,
1126 1351 1222 1420 que-

139 1430 279 1503 cumque
310 1413 367 1489 illa
402 1416 522 1500 fuerit,
558 1416 827 1506 quemadmodum
867 1413 996 1481 Rituale
1027 1416 1222 1482 Romanum

139 1501 322 1586 praecribit5
347 1501 529 1592 (quidquid
557 1504 593 1566 in
624 1501 820 1567 contrarium
847 1499 1086 1587 Theologorum
1115 1500 1222 1592 plures

136 1586 292 1673 sentiant,
330 1588 437 1659 uandb
451 1610 525 1677 pars
537 1585 591 1652 illa
608 1602 654 1653 est
669 1610 708 1652 ex
722 1584 1024 1677 principalioribus,
1041 1606 1078 1653 ut
1092 1604 1220 1678 pectus,
1252 1596 1255 1603 '

137 1611 442 1760 scapulae,brachia
464 1672 549 1762 etc.)
572 1673 756 1763 ,iterumque
779 1670 838 1739 sub
853 1672 1047 1739 ‚conditione
1067 1675 1223 1763 incapite

137 1754 346 1846 baptizandus
361 1775 408 1829 est
415 1766 426 1836 ,‘
446 1760 472 1825 si
494 1769 580 1827 totus
595 1760 721 1825 exierit.
740 1758 775 1827 Si
790 1757 868 1825 verb
884 1775 981 1847 caput
996 1761 1093 1826 unic'e
1109 1759 1222 1826 detec-

111 1834 115 1853 ‘
136 1856 201 1909 tum
217 1845 318 1919 fuerit
330 1893 342 1932 ,
356 1845 545 1936 baptismate
561 1846 704 1911 absolute
723 1845 913 1933 tingendum
930 1859 987 1910 est.
1004 1844 1085 1912 ibid.
1103 1868 1138 1911 n.
1157 1869 1190 1932 7.

119 1990 121 1993 ,
177 1933 356 2020 Baptismus
367 1953 440 1997 cunr
452 1933 640 1998 conditione·
653 1933 777 2020 adjecta
793 1954 858 1997 non
875 1931 1039 1999 confertur
1055 1930 1173 2022 absque
1181 1929 1223 2003 le·

135 2012 227 2083 thalis
243 2015 348 2107 cttlpae
365 2019 520 2103 crimine,
537 2019 599 2083 nisi
614 2019 756 2108 prudens
769 2017 940 2083 dubitandi
955 2019 1038 2084 ratio
1052 2033 1223 2109 suppetat,

131 2123 174 2166 an
189 2106 284 2173 antea
300 2101 426 2175 ualidus
441 2105 619 2194 Baptismus
635 2102 768 2170 collatus
779 2106 833 2170 sit.
851 2101 896 2170 ib.
915 2125 944 2171 c.
961 2104 982 2169 6
998 2128 1032 2170 n.
1050 2104 1083 2170 3.

173 2187 206 2254 Si
224 2191 268 2256 de
282 2190 503 2257 administrato
519 2191 810 2280 Baptismatepnus
826 2191 1048 2257 tautummodo
1064 2191 1150 2257 testis
1170 2189 1223 2256 ai-

134 2267 238 2342 firmet
251 2292 270 2362 ,⁴
283 2291 322 2341 ut
337 2274 510 2362 obstetrii,
528 2290 601 2342 cum
616 2273 672 2343 illa
687 2292 766 2343 tunc
780 2275 965 2345 testificetur
983 2276 1023 2342 de
1037 2276 1122 2343 sacto
1137 2299 1222 2366 pro-

133 2360 221 2448 prio,
235 2376 283 2429 ex
293 2360 356 2431 hoc
366 2363 589 2433 tautummodb
606 2380 673 2427 non
685 2377 731 2428 est
746 2361 809 2428 hoc
820 2361 1060 2441 Sacramentum
1073 2360 1223 2429 reiteran-

128 2444 227 2535 dum,
244 2450 271 2521 si
281 2448 412 2537 quidem
428 2446 484 2514 illa
496 2450 709 2534 interrogata,
725 2449 908 2532 materiam,
925 2459 958 2513 et
973 2447 1110 2513 formam
1126 2447 1223 2538 hujus

117 2529 326 2616 §aeramenti
336 2534 438 2622 probb
446 2535 563 2601 sessim
573 2535 779 2605 demonstrat.
791 2534 945 2624 Idemque
951 2535 1167 2632 praestandum
1176 2551 1224 2603 est

135 2618 168 2681 in
183 2616 286 2706 locis,
303 2619 359 2689 ubi
372 2620 556 2687 obstetrices
571 2622 743 2719 antequam
760 2621 805 2685 ad
822 2642 939 2685 munus
952 2619 1038 2685 istud
1055 2621 1224 2689 admittan-

132 2716 203 2856 ιζιά,
222 2707 266 2772 de
283 2707 408 2775 ratione
424 2706 668 2783 administrandi
684 2707 747 2773 rite
760 2706 961 2796 Baptismum
978 2705 1104 2773 edoceri
1118 2703 1224 2775 solent

132 2791 177 2853 ri
203 2795 321 2863 .ιι.4.
912 2834 915 2839 ,

174 2877 279 2947 Testis
301 2879 436 2964 unicus,
453 2879 585 2947 -etibmsi
609 2875 724 2949 mulier
745 2879 806 2963 sit,
831 2875 947 2944 suflicit
960 2877 1002 2945 ad
1043 2876 1222 2946 rohardum
1315 2958 1317 2961 v

133 2958 343 3052 Baptismum.
360 2964 442 3030 Can.
459 2962 633 3050 Parvulos,
650 2981 682 3030 et
696 2964 777 3030 Can.
795 2962 878 3032 Cum
893 2967 1006 3056 itaque.
1017 2900 1058 3033 de
1069 2965 1219 3037 Consecn.

130 3045 213 3116 Bisa·
225 3053 259 3127 4,
275 3051 353 3119 last.
369 3049 489 3119 Eccles.
511 3049 554 3139 98
569 3074 604 3117 ιι.
624 3050 674 3119 13·
773 3070 777 3076 “

171 3136 214 3205 At
230 3138 257 3203 si
276 3138 493 3210 testimonium
511 3139 552 3203 sit
563 3135 603 3205 ab
619 3136 752 3205 homine
770 3136 914 3222 incerto,
931 3137 1127 3205 intended
1149 3136 1219 3205 ravi

131 3217 243 3312 ignoto
256 3224 439 3293 testimonio
455 3224 580 3293 deferre
596 3230 662 3291 nou
679 3246 846 3312 possumus
863 3243 871 3288 :
888 3246 986 3313 quare
1005 3240 1083 3315 tuac
1098 3162 1222 3314 rebap-

131 3310 277 3379 tizandus
293 3324 339 3376 est
349 3311 456 3375 infans
471 3308 530 3376 sub
547 3309 731 3379 conditione
742 3356 753 3394 ,
764 3310 885 3377 etiamsi
901 3307 1083 3377 schedulam
1099 3310 1140 3375 de
1150 3334 1223 3377 sus·

132 3411 225 3480 cepto
238 3396 430 3494 baptismate
440 3393 745 3483 'euollosuspensam
759 3394 861 3480 ferat,
878 3396 929 3463 uti
940 3416 999 3484 pro
1016 3398 1168 3484 expositis
1184 3399 1221 3464 iu

131 3475 290 3569 Hospitah
300 3482 341 3551 de
353 3481 387 3549 S.
398 3481 522 3571 Spiritu
536 3483 570 3547 in
580 3480 675 3547 Suria
689 3481 729 3546 de
738 3479 845 3564 Urbe,
854 3481 1005 3571 repondit
1014 3480 1102 3549 Sacc.
1114 3481 1220 3568 cong.

130 3561 232 3637 conc
250 3568 307 3637 dio
322 3569 343 3633 5
356 3567 432 3641 Jan.
449 3569 543 3644 1724.
553 3568 607 3632 -De
622 3567 747 3655 Synod«
764 3568 898 3635 Dimces.
916 3565 975 3637 lib.
994 3590 1012 3654 7
1030 3562 1059 3631 c.
1078 3570 1098 3635 6
1114 3589 1148 3635 u.
1165 3574 1198 3632 5.

173 3649 207 3719 Si
226 3655 307 3727 verb
329 3670 441 3739 agetur
465 3654 505 3721 de
530 3652 699 3742 baptizatis
722 3651 764 3718 ab
786 3652 973 3738 Heredem,
994 3653 1050 3742 qui
1067 3654 1108 3719 ad
1123 3654 1222 3721 fidam

130 3733 310 3811 Romanam
333 3741 444 3805 tenire
505 3755 599 3825 tunt,
618 3756 696 3807 tunc
719 3755 846 3828 oportet
877 3738 1091 3825 inuestigare,
1116 3752 1223 3809 nunt--¹

128 3824 209 3971 ppid
227 3826 261 3893 in
285 3838 370 3899 secta
389 3823 444 3890 itta
461 3762 691 3893 iieaereiicorum
716 3826 907 3893 innovatum
933 3825 974 3893 tit
992 3823 1116 3914 aliquid
1138 3826 1221 3893 oirob

166 3912 317 3998 arteriam,
328 3928 361 3978 et
369 3912 518 3983 Formam
527 3913 692 4000 baptismi.
705 3911 804 3996 Quod
817 3911 843 3977 si
854 3934 895 3981 os
908 3910 970 3981 ista
977 3911 1222 3998 investigatione

129 3994 216 4061 nibil
233 3999 311 4064 corti
328 3995 479 4082 resultet,
491 4014 570 4063 tunc
578 4002 615 4062 'ac
631 3998 664 4063 in
675 3998 775 4065 dubio
789 3998 981 4097 baptismate
988 3997 1151 4082 ,agendum
1162 4015 1220 4069 est.

128 4076 201 4155 Hoc
214 4082 350 4149 dubium
362 4082 763 4165 rationabile-censendum
780 4098 828 4150 est
842 4106 877 4148 tn
889 4084 1080 4172 baptismata
1091 4082 1223 4153 hareti-

131 4184 243 4233 corum
256 4167 457 4253 Hollandiae,
472 4170 559 4259 apud
569 4193 647 4260 quos
663 4193 731 4234 mos
747 4167 945 4255 invaluerat,
962 4186 1002 4243 ut
1013 4166 1092 4240 alter
1106 4188 1222 4260 aquam

130 4247 305 4345 tunderet,
323 4254 404 4325 alter
418 4255 552 4326 sormam
570 4257 807 4348 pronunciaret.
825 4255 933 4350 Quare
945 4272 977 4325 et
988 4278 1076 4324 nunc
1088 4259 1223 4350 paritor,
