2942 4717
229 312 276 384 38
615 310 725 380 Praxis
742 310 936 383 confessarii

129 411 131 424 ’
230 427 389 499 cientem
411 422 459 497 ad
476 413 548 497 hoc
564 480 574 513 ,
589 438 634 495 nt
650 437 753 498 actus
778 424 825 495 sit
848 420 1097 512 deliberatus,
1114 436 1151 498 et
1164 419 1326 522 ¹graviter

229 525 530 626 peccaminosus.⁴
547 523 642 596 Cum
662 523 762 599 enim
778 522 849 622 ipsi
870 527 963 595 tanti
980 522 1067 597 mali
1086 550 1163 597 non
1181 524 1325 596 faciunt

228 638 451 722 peccatum,
478 619 562 694 idei)
587 621 626 694 in
644 647 710 695 suo
728 622 852 694 animo
876 619 1026 696 nullum
1046 622 1159 720 hujus
1174 621 1325 694 sceleris

218 738 380 794 ‘sensum
400 722 661 817 experiuntur,
681 719 789 793 sicuti
806 719 1015 821 perciperet
1031 722 1154 809 alius,
1174 724 1243 819 *qui
1262 745 1325 793 es·

229 832 286 893 set
304 820 539 892 conscientiae
561 844 637 890 non
659 822 734 892 tam
754 818 984 919 depravatae;
1009 834 1044 894 et
1069 819 1158 893 hinc
1175 820 1325 908 uritur,

230 911 334 1018 quod
358 918 396 988 in
417 931 543 990 eorum
562 931 709 1010 mente,
729 942 777 991 ne
797 921 942 1016 signum
966 918 1118 1020 quidem
1135 929 1326 992 remaneat

228 1013 386 1089 actualis
401 1016 637 1113 cognitionis,
659 1041 771 1116 quam
786 1017 823 1089 in
841 1034 993 1116 peccato
1014 1016 1245 1096 habuerunt:
1259 1027 1327 1090 aut

226 1116 262 1189 si
282 1115 471 1211 vestigium
499 1113 894 1212 aliquodeognitionis
914 1114 1167 1218 relinquitur,
1193 1128 1247 1206 est
1273 1114 1326 1188 iu

228 1211 331 1297 lere,
351 1229 391 1288 ut
404 1215 615 1310 interrogati
636 1214 792 1289 faciliter
808 1213 1078 1312 respondeant,
1097 1240 1137 1289 se
1155 1240 1232 1287 non
1248 1212 1325 1285 ani·

227 1310 467 1390 madvertisse
484 1339 494 1385 z
511 1313 576 1385 sed
593 1311 751 1411 diligens
767 1311 1017 1387 confessarius
1033 1313 1178 1388 nullam
1192 1312 1231 1384 in
1248 1311 1322 1384 hoc

173 1457 175 1462 «
229 1411 343 1494 debet
360 1412 412 1484 eis
430 1426 599 1511 praestare
616 1413 750 1503 fidenr;
768 1427 804 1485 et
823 1420 943 1512 neque
958 1410 1069 1486 debet
1084 1410 1132 1485 ab
1148 1409 1206 1486 bis
1226 1411 1324 1483 scis·

228 1510 363 1590 citari,
390 1536 434 1581 an
459 1511 709 1595 adverterint,
731 1535 801 1584 nec
824 1535 893 1595 ne,
911 1509 977 1584 sed
991 1510 1216 1608 accipiendae
1235 1521 1325 1581 sunt

227 1633 357 1682 omnes
380 1607 422 1681 bt
442 1608 526 1683 rere
542 1608 784 1710 blasphemiae
806 1608 992 1702 actuales,
1011 1635 1159 1713 semper
1182 1612 1225 1683 bc
1251 1605 1326 1709 ipsi

226 1708 424 1793 sciebant,
445 1708 534 1780 tales
552 1731 643 1783 esse.

280 1807 341 1879 32.
360 1806 466 1880 Circe
483 1806 549 1882 III·
571 1808 802 1905 preceptum.
822 1802 958 1899 Qubad
976 1804 1239 1906 obligationem
1255 1830 1328 1879 au·

223 1902 358 1978 'diendi
371 1904 523 1978 Sacrum
542 1903 672 1978 diebus
696 1904 816 1994 iestis,
838 1909 976 1978 interro
1001 1921 1036 1978 et
1055 1906 1326 2005 poenitentem,

226 2004 259 2078 si
275 2004 467 2102 aliquoties
483 2004 635 2078 Sacrum
650 2004 814 2077 omiserit
824 2000 841 2075 i
851 2019 888 2078 et
899 2005 931 2078 si
943 1932 1139 2090 adverterit
1154 2001 1201 2076 ad
1214 2004 1325 2088 omis-

227 2103 400 2177 sionem?
420 2128 465 2173 an
483 2101 704 2175 dubitaverit
722 2115 887 2201 tempore
902 2158 912 2189 ,
930 2128 1007 2203 quo
1022 2102 1175 2176 Sacrum
1194 2100 1325 2174 audire

224 2216 372 2372 poterat
384 2200 399 2274 ἲ
412 2202 548 2274 etenim
568 2199 757 2274 multoties
770 2203 953 2300 poenitens
971 2201 1019 2273 ad
1037 2201 1165 2275 horam
1181 2197 1325 2274 tardam

254 2326 382 2373 acrum
395 2300 522 2374 audire
536 2298 709 2373 differens
723 2356 733 2390 ,
752 2297 840 2373 licet
852 2327 940 2375 casu
956 2303 1134 2400 repererit
1147 2299 1327 2390 Sacrum,

225 2393 265 2471 'et
290 2398 346 2471 illi
365 2396 593 2489 interfuerit,
611 2396 855 2471 nihilominirs
876 2399 954 2471 sine
970 2401 1064 2497 justa
1080 2424 1190 2471 causa
1202 2398 1243 2472 in
1258 2423 1326 2497 pe-

120 2569 122 2580 ,
224 2495 389 2572 ticulum
416 2496 513 2569 illud
533 2496 728 2570 omittendi
751 2521 790 2569 se
817 2497 971 2596 injecit,
991 2509 1028 2569 et
1045 2492 1091 2568 de
1112 2495 1185 2570 hoc
1209 2494 1324 2571 rudes

167 2637 168 2640 π
224 2621 305 2692 non
333 2622 371 2670 se
397 2609 586 2669 accusant.
610 2596 702 2668 Item
719 2597 749 2668 si
767 2598 954 2694 poenitens
969 2621 1008 2668 se
1023 2593 1212 2670 accusabit
1226 2596 1324 2686 ,Sa-

224 2717 334 2768 crum
358 2720 397 2766 se
421 2695 608 2783 omisisse,
632 2698 832 2792 interroget
858 2692 905 2768 de
934 2720 1069 2781 causa,
1097 2720 1145 2766 an
1171 2709 1327 2793 propter

223 2795 501 2882 necessitatem,
521 2807 562 2865 ut
576 2791 711 2865 accidit
724 2790 895 2882 famulis,
915 2793 978 2892 qui
991 2818 1067 2864 non
1079 2808 1324 2890 possuntgre·

224 2916 309 2990 gem
329 2891 588 2990 derelinquere
603 2945 612 2979 ,
634 2903 696 2962 aut
710 2888 913 2980 matribus,
934 2916 1017 2989 quae
1032 2890 1136 2964 dorni
1151 2917 1227 2963 non
1239 2919 1324 2990 pos·

224 3003 316 3066 sunt
348 2989 573 3089 relinquere,
589 3011 746 3089 pueros3
782 3004 846 3063 aut
874 2993 1111 3086 conjunctis,
1144 2990 1209 3088 qui
1243 3015 1323 3065 non

211 3085 380 3192 possunt
406 3092 615 3187 relinquere
647 3089 838 3178 infirmos,
865 3102 929 3161 aut
957 3086 1238 3171 itinerantibus,
1257 3088 1325 3189 qui

222 3213 302 3262 non
329 3203 481 3287 possunt
509 3192 527 3259 a
558 3188 734 3259 comitatu
761 3186 923 3283 disjungi
949 3187 1028 3258 sine
1053 3186 1153 3282 gravi
1180 3189 1326 3278 incom-

222 3286 364 3372 modo,
387 3286 427 3360 tu
444 3299 538 3358 esset
556 3285 678 3358 subire
698 3283 908 3383 periculum
931 3285 1034 3384 quod
1049 3284 1322 3385 expolienturb

222 3382 455 3471 latronibus,
489 3400 551 3455 aut
578 3384 615 3455 in
643 3385 698 3455 via
725 3399 876 3469 errent,
897 3384 927 3456 si
958 3381 1027 3455 soli
1057 3400 1229 3480 pergant,
1246 3398 1321 3464 etc.

222 3485 241 3581 (
254 3485 362 3558 Tom.
388 3483 435 3557 ll.
457 3485 480 3555 l.
500 3485 521 3557 3
541 3510 576 3555 n.
593 3482 711 3577 326„
732 3480 796 3574 aut
811 3482 945 3555 accidit
963 3481 1093 3569 alicui,
1122 3486 1184 3582 qui
1205 3502 1323 3558 vestes

221 3584 394 3656 decentes
424 3608 500 3654 non
530 3579 664 3668 habet,
696 3579 833 3681 quibus
865 3582 904 3653 in
931 3579 1100 3654 Ecclesia
1143 3582 1320 3657 decenter

220 3696 432 3780 compareat
449 3684 463 3776 (
474 3708 510 3753 n.
530 3680 632 3774 330).
1239 3749 1242 3762 ,

273 3777 332 3853 33.
357 3777 491 3873 Qubad
503 3804 612 3873 opera
629 3792 751 3850 autem
765 3776 907 3850 servilia
922 3803 1006 3876 quae
1021 3776 1080 3850 die
1094 3779 1222 3850 festivo
1238 3806 1321 3874 pro·

220 3875 420 3967 hibentur,
436 3881 653 3973 interroget,
667 3880 696 3949 si
710 3876 931 3949 laboraverit
946 3875 1004 3948 die
1018 3877 1110 3949 festo
1123 3875 1139 3948 Ρ
1153 3893 1189 3951 et
1206 3881 1235 3949 si
1252 3877 1318 3951 ille

221 3974 1319 4076 affirmat,interrogeturlquantirmtemporislaboraverit?

219 4075 269 4149 Et
284 4074 471 4172 quodnam
488 4073 624 4146 laboris
638 4101 752 4173 genus
767 4072 994 4160 exercuerit?
1008 4101 1091 4146 nam
1108 4074 1319 4149 secundum

223 4175 517 4249 communiorem
531 4172 709 4249 Doctores
725 4171 775 4275 (l.
794 4178 816 4251 3
834 4200 872 4249 n.
885 4174 978 4275 305)
992 4190 1167 4251 excusant
1182 4180 1201 4249 a
1216 4171 1318 4276 gravi
