2942 4717
269 305 377 398 Capit.
393 302 508 375 Ultim.
522 299 584 394 §1ss
596 301 721 375 Monita
737 303 778 372 ad
789 301 1027 373 Sacerdassist.
1116 294 1180 366 185

110 414 285 514 suggerii,
303 417 502 491 vernaculo
526 427 672 521 semper
694 418 867 535 loquatur
884 407 1064 491 sermone.
1084 411 1180 487 Cum

26 533 28 554 ’
106 515 417 590 'Litteratiacnntrd
427 518 649 592 comioribus
659 517 796 602 rerbts,
812 532 849 591 et
862 515 1054 613 aliquoties
1070 510 1180 584 etilm

111 609 224 685 latinis
246 640 289 687 ex
309 616 496 714 Scriptura
511 616 708 715 excerptis,
725 616 791 691 sed
805 612 976 688 brevibus
993 608 1181 685 sententiis

110 715 397 788 utatur.=Momet
410 728 532 788 tamen
550 715 714 801 Rituale,
737 741 785 789 ne
803 710 976 786 Sacerdos
994 709 1103 783 nimis
1119 706 1181 780 lu-

73 840 76 845 ·
110 808 269 906 quenda,
280 828 328 885 et
344 811 482 886 crebris
497 814 706 903 sententiis,
724 810 767 886 iat
782 810 896 912 aliqui
911 807 1054 897 solent,
1071 805 1180 880 inlic-

111 928 162 979 mo
177 906 305 1004 vpotiirs
324 927 437 1010 caput
454 909 652 996 obtundet,
675 916 787 1011 quim
805 935 889 983 eum
900 909 1060 1008 adjuret.
1073 907 1181 979 Pater

112 1002 299 1105 Recupitus
316 1006 434 1085 eboc.
445 1009 531 1084 Jeau
545 1009 591 1082 de
604 1012 724 1108 seipso
738 1010 860 1095 refert,
875 1010 982 1079 morti
1025 1006 1180 1088 roximo,

75 1119 79 1130 ⁴
116 1103 288 1204 quidquid
316 1105 507 1181 dicebatur
527 1134 566 1181 se
589 1133 665 1181 non
688 1106 934 1195 intellexisse,
955 1032 1182 1190 sedtantirna

110 1202 292 1296 quoddam
307 1204 505 1279 molestum
521 1232 690 1280 murmur
704 1231 714 1294 ς
727 1208 779 1279 ita
795 1219 836 1277 ut
851 1259 861 1292 ,
876 1230 923 1277 ne
936 1201 1049 1301 magis
1068 1209 1182 1299 caput

108 1294 303 1390 lederent,
323 1317 471 1379 coactus
491 1304 694 1405 rogaverit,
713 1318 756 1379 ut
775 1304 935 1404 aliquam
952 1300 1073 1374 verbis
1096 1324 1181 1375 mo,-

26 1431 27 1480 1
103 1422 177 1471 ram
196 1404 481 1498 interponerent.

26 1523 28 1590 4
149 1496 230 1572 235.
258 1497 322 1590 Vl.
349 1501 486 1574 Praeter
510 1526 635 1601 parrae
660 1499 796 1575 Christi
818 1498 969 1573 Domini
990 1495 1179 1587 crucifixi,

26 1595 28 1644 ῑ
104 1590 290 1697 Beataeque
303 1595 464 1697 Virginis
479 1593 676 1696 Imagines,
691 1625 782 1700 quas
796 1601 896 1697 justu
908 1599 1096 1670 infirmum
1111 1621 1181 1692 ap·

105 1695 190 1793 poni
212 1699 417 1787 curaverit,
439 1698 469 1771 si
496 1699 574 1771 lieri
596 1711 736 1797 potest,
755 1699 861 1771 etism
886 1693 934 1768 ob
955 1693 1083 1767 oculos
1101 1697 1182 1789 eius

26 1859 28 1884 ,
105 1790 287 1867 collocare
301 1795 409 1868 iaciat
423 1796 602 1893 imagines
617 1797 785 1893 Deiparre
794 1810 830 1867 et
839 1791 1091 1892 Redemptoris
1102 1815 1182 1864 ma·

26 1901 28 1936 t
104 1891 189 1988 juris
208 1892 334 1983 mulis,
358 1909 400 1968 ut
416 1894 654 2063 sicmqrotus,
670 1916 908 1994 quocumque
919 1916 958 1966 ee
971 1903 1104 1981 vertat,
1121 1913 1181 1963 eas

103 2012 250 2064 cernere
272 1991 409 2087 possit,
433 2007 470 2065 ct
488 1991 515 2065 il
531 1994 560 2065 is
577 2017 616 2065 se
632 1990 904 2066 commendare.

155 2088 233 2163 236.
261 2090 341 2162 Vll.
357 2089 464 2164 Curae
478 2091 512 2164 ei
525 2092 634 2164 etiim
648 2093 720 2179 sit,
737 2103 781 2186 ut
796 2087 843 2162 ab
855 2087 993 2162 infirmi
1008 2080 1182 2162 cubiculo

105 2184 1183 2286 periculosaobiectammoreantur,relutiarma,imagines

105 2282 234 2381 pariam
250 2285 436 2377 banestre,
455 2303 492 2361 et
510 2288 710 2388 presertim
737 2310 926 2387 personae,
947 2308 1032 2384 quae
1057 2280 1182 2382 aliquo

105 2381 214 2455 modo
222 2385 450 2459 occasionem
460 2382 599 2485 peccati
609 2384 1003 2486 prebere'possuut3et
1014 2381 1091 2453 istae
1105 2403 1183 2453 non

106 2478 223 2554 solirm
244 2480 265 2557 e
289 2482 485 2572 cubiculo,
505 2482 570 2557 sed
587 2487 660 2557 toti
678 2484 791 2558 domo
807 2479 942 2582 expelli
961 2477 1109 2553 debent.
1134 2477 1184 2553 Et

107 2576 193 2652 dnm
203 2579 372 2654 infirmus
387 2583 524 2681 agoniae
541 2583 727 2683 proximus
741 2581 992 2665 videturesse,
1007 2572 1182 2650 Sacerdos

109 2701 229 2750 omnes
253 2684 398 2779 exejus
420 2678 594 2756 cubiculo
616 2679 804 2780 depellat,
827 2694 958 2779 preter
981 2701 1097 2748 unum
1120 2688 1184 2747 aut

27 2837 28 2872 ³
110 2773 195 2849 duos
213 2776 372 2865 tantbm,
388 2779 481 2878 quii
508 2779 552 2869 ei,
571 2777 661 2851 dum
676 2794 831 2880 oportet,
849 2788 982 2873 praesto
998 2776 1083 2848 siut.
1100 2773 1184 2848 (3ae-

26 2879 28 2916 ⁴
108 2873 241 2961 terium,
256 2874 409 2950 omniub
424 2803 615 2973 probibeat
628 2879 666 2951 in
677 2878 802 2975 aegroti
815 2874 937 2950 cubile
952 2874 1179 2976 propinquos

26 3047 28 3060 ,
109 2970 267 3074 ingredi,
283 3000 330 3048 ne
346 2974 457 3050 alicui
473 2974 633 3077 passioni
649 3001 794 3051 causam
814 2970 1010 3077 prebeant.

280 3170 314 3270 5.
338 3170 386 3246 11.
407 3168 580 3246 Remedia
594 3171 761 3245 adrersrls
778 3167 1001 3245 tentunbnes.
1121 3231 1124 3236 ,

52 3377 57 3406 ·’
153 3367 234 3463 237.
259 3365 985 3467 Praecipuecontratentationesrernedia
1000 3362 1183 3437 suntJesu
1210 3375 1212 3378 ’

111 3481 146 3537 ac
161 3465 279 3539 Mariae
294 3467 354 3543 SS.
372 3467 523 3544 numina
541 3464 674 3565 saepius
700 3468 887 3555 invocare,
906 3479 942 3540 et
962 3463 1083 3538 crucis
1102 3463 1183 3559 sig·
1218 3549 1220 3552 v
1241 3500 1244 3506 ,

26 3577 28 3654 ᾗ
111 3564 235 3637 uaculo
262 3590 300 3638 se
326 3568 482 3639 munire.
507 3566 578 3638 Pro
602 3561 787 3663 aliquibus
817 3578 937 3637 tamen
962 3559 1182 3664 specialibus

113 3658 278 3735 demonis
298 3663 439 3737 insidiis
456 3662 624 3763 quaedatn
642 3662 704 3737 htc
722 3677 897 3736 annotare
909 3658 1068 3763 expedit.
1085 3702 1087 3708 ν
1190 3674 1194 3681 '

58 3791 62 3796 ·
156 3762 234 3835 238.
260 3763 310 3834 Et
326 3762 352 3835 l.
371 3761 652 3858 Adversdsfidei
663 3761 886 3835 tentationes.
906 3758 966 3834 Ab
990 3760 1060 3834 hac
1078 3754 1183 3830 terri·

103 3850 175 3928 bili
186 3861 384 3933 tentatione
396 3862 599 3961 presertim
610 3860 813 3959 agitantur,
823 3860 888 3958 qui
899 3883 986 3935 curn
1001 3855 1182 3957 perditam
1198 3877 1199 3882 ’

112 3958 241 4050 egerint
257 3958 368 4031 vitam
381 4013 391 4046 ,
405 3983 477 4032 suu
490 3983 633 4057 suoque
647 3958 787 4059 judicio
802 3958 910 4031 nimis
928 3955 1183 4043 nutrescunt,
1210 4033 1212 4039 ,

40 4059 43 4064 ’
66 4087 86 4098 ·’
112 4055 292 4156 praecipui
305 4057 336 4130 si
353 4057 422 4130 riri
441 4057 574 4131 eruditi
591 4057 740 4132 fuerint.
760 4056 831 4130 llic
847 4053 978 4128 neuls
993 4048 1185 4140 adverten-v

54 4238 62 4265 1
114 4149 217 4259 dum,
232 4155 334 4258 quod
345 4154 535 4234 sideman
549 4155 702 4259 aliquod
716 4154 769 4235 eis
784 4156 881 4232 circi
897 4153 1012 4232 fidem
1024 4151 1182 4232 dubium
