2942 4717
275 225 338 304 als
591 220 762 312 vlipamcm
777 216 1054 302 ordinandorum.

241 350 276 423 'tt
334 332 546 411 Notandum
560 349 702 424 autem,
723 335 840 433 quod,
861 335 889 406 si
906 337 988 433 quis
1005 334 1161 409 scienter
1174 333 1348 413 ordinatur

284 432 369 509 auti
384 435 582 533 legitimam
598 448 761 521 aetatcm,
777 431 856 528 ipso
873 432 969 507 facto
984 436 1349 533 perpetuamiucurrat
1445 513 1446 534 ,

284 536 587 632 suspensionem,
606 537 626 604 ὲ
646 557 718 631 qua
739 530 878 604 absolvi
896 532 1025 630 nequit
1042 534 1111 606 nisi
1128 539 1148 607 a
1166 535 1282 629 Papa,
1300 531 1349 607 vel
1445 541 1446 548 ’

285 633 332 705 ab
351 634 536 733 Episcopo
553 633 568 716 ,’
582 631 613 703 si
634 631 744 703 fuerit
760 629 927 711 occulta,
945 656 987 703 ex
1003 656 1035 720 c,
1055 632 1183 732 liceat,
1200 632 1351 707 Trident.
1445 626 1446 648 ¹

283 755 386 804 sess„
402 736 446 824 24
468 755 502 803 c.
528 730 584 827 6(
598 729 659 802 cit.
688 756 724 802 u.
753 736 863 827 799.)
888 728 1053 802 Diximus
1079 732 1251 817 scienter,
1278 756 1351 803 nam
1431 743 1434 748 '

282 831 371 906 Pius
388 830 434 902 ll.
451 829 548 901 hanc
565 828 845 926 suspensionem
864 828 1038 928 imposuit
1052 827 1197 902 tantirm
1211 833 1279 914 eis,
1296 828 1351 928 qui

282 954 327 1002 cx
352 928 542 1001 temeritate
564 928 615 999 sic
640 925 883 1000 ordinantur:
902 925 1001 1002 unde
1021 929 1223 1025 ignorantia
1247 952 1352 1001 crassa

281 1025 368 1099 illos
388 1024 617 1124 probabilius
632 1024 677 1097 ab
693 1051 732 1096 ea
751 1040 917 1112 excusat,
935 1027 986 1097 iu.
1002 1042 1042 1099 ut
1063 1025 1244 1124 completa
1263 1041 1353 1099 aetate

273 1127 427 1227 'possint
443 1123 620 1197 Ordinem
636 1148 803 1198 exercerc
818 1122 934 1219 (ibid.
953 1121 1050 1197 Dub.
1069 1152 1082 1197 1
1102 1140 1139 1198 et
1151 1127 1190 1199 3.
1202 1124 1217 1220 )
1231 1125 1287 1197 Au
1300 1151 1354 1198 au·

280 1238 356 1312 tem
371 1279 380 1306 ‚
400 1219 563 1322 quiante
579 1237 722 1295 aetatcm
738 1222 893 1320 suscipit
905 1221 1155 1297 Sacerdotium
1170 1280 1179 1306 ‚
1195 1222 1356 1320 irregula-

280 1323 430 1396 ritatem
457 1322 649 1393 iucurrat?
672 1318 747 1394 Alii
772 1319 978 1407 affirmant,
1000 1323 1093 1422 quia¹
1112 1320 1183 1417 (iat
1212 1320 1356 1418 dicunt)

279 1417 574 1517 Neo-Presbyter
590 1417 812 1492 celebrando
834 1445 920 1493 cum
938 1420 1144 1518 Episcopo,
1172 1419 1252 1494 rere
1274 1446 1355 1492 con·

279 1533 400 1594 secrat
421 1546 431 1590 t
450 1533 487 1593 et
505 1516 589 1590 ideis
606 1522 681 1617 jam
702 1532 844 1591 exercet
856 1517 1264 1616 Ordinemsusceptum
1280 1543 1355 1593 cum

282 1618 534 1716 suspensione.
550 1617 621 1689 Sed
640 1615 703 1688 alii
720 1614 974 1700 communita,
992 1634 1030 1691 et
1045 1616 1152 1692 valde
1175 1614 1356 1716 probabili·

274 1731 339 1792 ter
354 1729 488 1813 negant
502 1768 511 1799 ,
531 1715 617 1814 quia
636 1738 784 1814 tequam
804 1738 880 1787 nou
895 1714 1040 1789 ridetur
1055 1771 1065 1802 ,
1082 1731 1125 1789 ut
1141 1719 1226 1815 quis
1241 1715 1357 1789 eidem

281 1814 428 1908 actione
456 1812 586 1886 morali
616 1812 805 1913 duplicem
835 1814 1003 1887 incurrat
1031 1841 1207 1915 poenam,
1236 1812 1357 1913 nempe

281 1911 561 2011 suspensionem
578 1924 615 1984 et
632 1910 939 2011 irregularitatem
955 1938 964 1999 ;
990 1927 1220 2014 testaturque
1239 1914 1358 1987 Suarez

280 2035 328 2084 ex
339 2011 433 2110 stylo
447 2009 683 2083 Cancellariae
699 2009 917 2109 hujusmodi
932 2011 1119 2086 ordinatos
1133 2037 1212 2085 nou
1228 2011 1358 2087 censeri

268 2108 514 2207 irregulares.
534 2109 584 2181 Et
597 2106 697 2182 idem
718 2107 915 2181 dicendum
930 2108 976 2183 de
997 2111 1197 2197 Diaconis,
1219 2126 1256 2184 ct
1269 2110 1358 2191 sut-

282 2207 448 2281 di‘aconis
468 2236 477 2276 t
499 2205 569 2279 nisi
583 2209 621 2279 in
642 2206 769 2280 eadem
789 2207 897 2279 Missa
911 2208 1173 2286 ¹Ordinationis
1189 2208 1359 2284 Ordinem

281 2311 357 2406 jam
373 2320 592 2403 susceptum¹
602 2319 819 2395 exerceant,
844 2307 930 2405 quia
954 2322 1041 2380 tunc
1063 2308 1359 2409 irregularitatem

232 2401 236 2412 ⁴
280 2431 359 2480 non
374 2404 574 2501 effugiunt,
590 2403 720 2478 saltem
736 2406 765 2478 si
784 2403 883 2476 ultrd
898 2403 945 2477 ad
963 2406 1249 2481 ministrandum
1265 2433 1301 2480 se
1312 2405 1359 2483 ol·

272 2503 401 2596 ,ferant
416 2505 455 2575 in
472 2503 582 2598 'Missa
602 2501 853 2577 Ordinationis
869 2506 883 2594 l
897 2503 957 2576 cit.
977 2529 1014 2578 n.
1032 2530 1115 2604 799.
1127 2504 1229 2581 Dub.¹
1251 2507 1310 2601 3.)

239 2613 277 2683 tt,
331 2601 413 2689 XII.
439 2601 493 2675 Ut
508 2601 710 2694 initiandus
727 2600 774 2673 ad
789 2600 967 2676 Ordinem
985 2605 1217 2701 superiorem
1241 2629 1360 2680 ascen·

194 2794 200 2800 ¹
282 2700 369 2776 dere
387 2701 523 2800 possit,
547 2726 586 2774 re
615 2702 769 2788 uiritur,
787 2715 829 2772 ut
847 2704 1049 2775 exercuerit
1065 2704 1249 2778 Ordinem
1269 2702 1359 2804 priiu

270 2809 520 2897 ‚susceptum3
546 2728 613 2872 sed
628 2802 729 2898 iuxta
746 2796 857 2872 Salm.
877 2802 958 2895 (De
975 2799 1109 2875 Ordin.
1130 2826 1164 2878 c.
1188 2806 1267 2898 4¹¹·
1284 2805 1360 2902 74.)

273 2899 355 2986 ,hoc
371 2911 515 2970 nonest
534 2893 580 2970 de
601 2912 784 2997 praecepto
800 2898 911 2993 gravi.
955 2962 958 2969 f

331 2996 430 3071 XIIl.
452 2995 598 3071 Ultimi)
624 2998 825 3096 requiritur
857 2997 1014 3071 Vocatio
1044 2998 1204 3090 Diriua,
1235 3026 1279 3075 ex
1303 2997 1361 3073 illo

272 3092 477 3196 ,Apostolit
498 3093 574 3167 Nec
595 3095 777 3193 qumquam
800 3095 905 3168 sumti
927 3096 995 3168 sibi
1008 3096 1207 3188 horrorem,
1232 3101 1300 3172 sed
1310 3094 1365 3195 qui

281 3209 425 3268 vocetur
440 3193 464 3265 d
480 3193 560 3286 Deo
575 3194 754 3290 temqudm
770 3194 907 3267 Aaron.
923 3194 1044 3276 ttebr.
1061 3197 1098 3271 5.
1118 3193 1160 3290 di
1172 3198 1284 3295 Signa
1301 3220 1360 3270 au·

280 3310 356 3369 tam
374 3291 504 3365 dirinae
520 3292 716 3367 vocationis
732 3306 818 3365 sunt
843 3320 871 3365 1.
893 3294 1049 3376 Scientia
1069 3298 1309 3374 conveniens.
1328 3319 1359 3367 a.

279 3392 441 3470 Intentio
465 3404 563 3464 recta
586 3390 741 3466 vacandi
762 3392 866 3476 Deo,
889 3395 1171 3493 animarumque
1189 3396 1312 3470 saluti.
1328 3393 1357 3468 3.

279 3490 448 3588 Probitas
463 3490 568 3579 ritae,
594 3515 677 3590 quae
697 3488 852 3563 maximia
868 3493 1069 3589 requiritur
1088 3491 1135 3566 ad
1156 3520 1283 3567 reram
1300 3518 1358 3566 ro·

280 3590 464 3678 ostionem
492 3588 786 3686 agnoscendam,
810 3613 864 3661 ex·
879 3589 945 3664 illo
962 3591 1216 3674 ,Tridentini‘t
1246 3591 1361 3666 Sciant

279 3685 694 3783 Episcopimeeberead
697 3686 766 3759 hos
775 3685 923 3774 Ordines
931 3691 1358 3790 assumi...dr'gnoselsm·

279 3803 402 3868 texet,
417 3801 453 3858 et
462 3811 605 3883 quorum
618 3784 767 3877 probate
781 3784 849 3868 rita
859 3803 1021 3860 senectus
1032 3789 1090 3860 sit.
1106 3790 1182 3868 Ses.
1197 3789 1245 3864 23
1259 3811 1291 3883 c.
1309 3810 1360 3870 rat

272 3887 407 3985 ,thue
425 3882 532 3956 docet
547 3886 593 3958 D,
614 3882 776 3955 Thomas
789 3883 946 3983 (Suppl.
965 3912 1028 3986 qu.
1045 3886 1214 3980 35'art..r
1237 3888 1358 3980 aut.)

273 3984 408 4070 ‚diceus
424 3982 511 4054 Non
527 3982 653 4074 suffieit
666 3981 807 4068 leudes
817 3982 1097 4082 qualiscumque,
1109 3987 1177 4058 sed
1185 3983 1360 4082 requiritur

277 4080 416 4156 ὖοηίιω
429 4081 635 4156 excellens:
656 4078 756 4156 han‘c
774 4083 961 4180 rationem,
973 4084 1158 4185 assignans
1177 4084 1359 4162 :turserat

430 4215 455 4234 .,
879 4220 882 4232 ,
1010 4219 1016 4234 .
1060 4221 1063 4224 .
1107 4229 1125 4254 Ι,
1221 4219 1250 4270 7
