2942 4717
145 353 151 434 ⁴.
209 339 340 436 capitul.
351 342 395 412 V.
406 335 577 433 Quomodd
593 304 665 411 cum
680 344 853 413 habituatis
869 360 901 413 et
916 347 1077 415 recidivis.
1143 371 1184 435 71

138 441 371 541 diiudicatus,
388 471 508 554 potest
518 457 623 529 etism
641 451 892 530 Confessarius
909 457 941 530 ei
958 455 1102 530 differre
1114 458 1190 530 Ab·

139 552 357 644 solutionem,
377 554 423 625 ad
448 554 731 669 experiendum,
758 555 944 654 quomodo
956 561 1002 630 sit
1017 572 1190 629 constans

136 647 320 740 Poenitens‚
341 653 379 723 iu
405 678 545 753 praxim
566 651 785 727 deducendo
812 652 931 727 media
956 655 1190 753 praescripta«,

134 764 225 846 utque
243 749 319 847 ipse
335 748 382 823 de
405 778 473 825 suo
490 751 574 824 vitio
592 756 769 849 majorem
786 753 969 849 concipiat
986 752 1191 830 horrorem.

138 845 330 920 Advertatur
356 847 447 939 hic,
476 849 574 948 qood
604 850 771 950 quinque
797 847 892 923 sices
911 850 948 921 in
976 876 1100 923 mense
1116 855 1192 949 jam

141 944 251 1041 possint
278 945 427 1021 malum·
449 947 617 1021 habitum
643 948 864 1022 constituere
894 951 933 1020 in
961 947 1087 1047 aliquo
1107 950 1192 1021 vitio

40 1103 41 1106 ,
138 1047 257 1153 pcccati
267 1046 406 1117 externi
422 1100 431 1130 ,
448 1043 560 1118 modd
576 1047 672 1120 inter
683 1047 777 1145 ipsas
790 1045 941 1146 aliquod
956 1045 1194 1119 intervallum

134 1141 1195 1234 rnrercedat;etinmateriafornicationum,sodomorum,
1258 1191 1261 1203 ·

132 1250 160 1307 ct
174 1237 426 1315 bestialitotum
442 1239 560 1316 multo
573 1244 695 1316 minor
709 1269 885 1317 numeros
903 1242 1069 1315 habitum
1084 1256 1196 1341 queat
1261 1265 1266 1274 ·

130 1338 331 1413 constituere
352 1368 361 1408 ε
386 1344 447 1439 qui
469 1365 595 1440 magr.
613 1340 727 1414 semel
752 1342 789 1414 in
811 1365 935 1415 mense
953 1341 1196 1415 fornicaretur

127 1457 182 1531 per
196 1462 352 1524 annum3
371 1436 466 1514 bend
483 1437 543 1512 hic
563 1437 781 1513 Habituatus
801 1438 874 1513 dici
895 1455 1023 1539 potest.

40 1605 41 1608 ,
168 1559 219 1629 71.
236 1534 400 1608 Rect’dr'vr‘
412 1552 534 1610 autem
553 1553 640 1610 sont
658 1541 721 1636 qui
743 1552 826 1639 post
847 1537 1120 1614 confessionem
1136 1561 1198 1608 eo·

40 1617 41 1644 ¹
123 1627 216 1721 dem,
235 1632 292 1705 'rei
311 1634 414 1732 quasi
423 1635 554 1708 codem
565 1635 914 1736 modosuntreiapsi
924 1635 1063 1735 absque
1076 1659 1199 1707 emen·

125 1727 278 1823 dationc3
294 1730 369 1818 Isti,
383 1731 424 1806 ist
441 1734 689 1822 communiter
704 1733 883 1808 docemur
896 1731 994 1833 (lbid‘
1005 1760 1039 1806 r.
1055 1730 1198 1807 Recidi-

40 1863 42 1906 3
125 1830 216 1923 vus),
241 1846 434 1930 nequeunt
449 1830 613 1920 absolvi,
635 1832 665 1907 si
690 1831 766 1904 sois
786 1835 889 1931 sigua
906 1833 1087 1906 ordinaria
1109 1829 1200 1902 affe-

40 1959 41 1962 *
122 1943 218 2018 sant,
246 1928 438 2027 nempe‘si
466 1930 613 2005 tantirm
641 1927 913 2019 confiteantur,
944 1927 1139 2003 asserendo
1161 1953 1203 1999 se

40 2053 42 2106 t
117 2028 310 2122 poenitere,
328 2044 365 2102 et
383 2054 614 2129 proponere,
660 2029 741 2102 roirt
757 2025 914 2102 habetur
927 2054 969 2101 ex
983 2030 1134 2127 Propos.
1151 2025 1201 2100 (io

40 2119 42 2138 '
124 2120 287 2199 damnata
305 2125 350 2198 ab
366 2128 582 2201 Innocentio
602 2058 656 2203 idi
685 2127 780 2201 Nam
802 2126 948 2201 babitus
964 2140 1201 2210 contractus,

124 2220 334 2326 ¹etrciapsos
349 2227 524 2323 praeteriti
547 2228 626 2299 sine
654 2219 1010 2326 uiia'enrcndatione
1032 2248 1204 2324 magnam

121 2336 288 2418 prestant
313 2325 592 2422 suspicionem,
613 2321 714 2425 quod
740 2323 848 2398 dolor
877 2339 913 2397 et
944 2323 1203 2423 propositum,

125 2442 200 2515 quar
213 2421 402 2496 Poenitens
412 2424 537 2495 asserit
550 2448 588 2495 se
602 2422 737 2500 hahere
748 2447 1006 2538 ,nequaquam
1020 2424 1094 2493 sint
1105 2415 1202 2506 veria.

123 2517 226 2608 Unde
243 2519 320 2592 istis
328 2516 531 2594 differenda
544 2519 601 2595 'est'
613 2520 781 2596 Asoiutio
794 2548 859 2620 per
871 2518 1024 2618 aliquod
1038 2532 1184 2617 tempus
1193 2571 1211 2606 ,.

125 2617 329 2731 usquedum
355 2633 527 2719 appareat
558 2619 719 2720 prudens
744 2621 893 2717 signum
921 2615 1204 2691 emendationis.

122 2713 165 2788 Et
178 2741 216 2787 rn
235 2717 305 2788 hoc
324 2733 461 2815 puncto
479 2716 638 2815 lugenda
652 2734 706 2791 est
717 2719 935 2791 Animarum
951 2716 1057 2789 ruina
1072 2770 1080 2798 ,
1098 2717 1205 2813 cujus

124 2837 225 2886 causa
239 2827 325 2887 sont
337 2829 390 2887 tot
401 2816 490 2891 moli
503 2816 740 2905 Confessarii,
755 2814 968 2888 indistincti
983 2807 1207 2889 absolvendo

123 2923 172 2983 tot
193 2911 408 2997 Recidiros.
432 2917 496 3013 qui
521 2939 606 2987 cum
622 2916 823 3014 repererint
842 2911 1114 2998 Confessarios,
1142 2910 1208 3010 qui

124 3034 262 3110 semper
281 3014 355 3085 tim
376 3011 484 3089 facite
503 3038 566 3085 eos
590 3011 806 3099 absolvunt,
825 3012 998 3084 amittunt
1014 3009 1209 3082 horrorem

123 3109 298 3205 peccandi
317 3166 327 3195 ,
345 3123 382 3184 et
406 3125 565 3211 pergunt
588 3109 634 3183 ad
657 3109 947 3210 putrescentium
966 3110 1003 3181 in
1027 3133 1136 3182 coeno
1154 3108 1210 3178 ri·

40 3261 42 3294 p
123 3208 254 3279 tiorum
275 3234 315 3279 us
347 3207 392 3284 ue
409 3209 454 3281 ad
470 3224 637 3286 mortem.
653 3205 903 3302 QuidamDD.
916 3206 1018 3305 (Lib.
1032 3205 1057 3278 6
1069 3206 1213 3305 Μῦς),

40 3321 42 3382 Ξ
124 3327 153 3378 v.
170 3231 344 3400 Dicuntg
357 3303 583 3394 admittunt,
603 3306 816 3380 Recidivunr
835 3304 923 3379 solis
935 3305 1048 3404 signis
1065 3304 1213 3377 ordina·

127 3399 184 3477 riis
204 3402 344 3477 absolsi
364 3430 468 3502 posse
483 3404 600 3505 osque
615 3404 662 3477 ad
677 3405 821 3477 tertiam
839 3418 876 3478 et
889 3418 1056 3506 quartam
1071 3404 1211 3492 viccm;

125 3499 186 3573 sed
206 3502 294 3576 hnic
315 3503 482 3604 opinioni
504 3508 710 3604 numquim
727 3503 830 3595 potui
846 3504 1077 3601 acquiescere
1095 3556 1103 3583 ‚
1121 3498 1213 3572 dom

40 3627 42 3672 ῖ
126 3598 364 3690 Habituatus‚
383 3603 447 3700 qui
464 3615 547 3699 post
562 3628 673 3675 unam
692 3600 970 3675 confessionem
987 3598 1117 3672 recidit
1135 3596 1214 3671 sinis

40 3735 41 3750 κ
128 3698 410 3790 emendatione,
431 3704 505 3799 jam
529 3712 583 3774 est
604 3724 708 3774 verus
725 3698 942 3784 Recidivos,
968 3712 1004 3769 et
1021 3695 1215 3770 fundatam

40 3803 42 3894 ᾗ
130 3796 268 3894 praebet
288 3797 541 3899 ‘suspicioriem
571 3822 647 3872 soae
672 3796 972 3898 indispositioois.
991 3798 1040 3869 Er
1067 3808 1216 3867 notetur

40 3907 42 3954 ἰ
125 3891 209 3984 iric,
228 3896 328 3996 quod
341 3896 422 3970 haec
439 3896 562 3995 regola
581 3895 759 3995 procedat
772 3895 882 3970 etism
897 3908 1064 3992 respectu
1085 3892 1216 3990 cuipa-

40 4063 41 4070 ,
129 4018 212 4065 rom
232 3995 458 4070 venialium:
478 3997 643 4094 quemvis
661 3996 760 4067 enim
783 3994 1029 4069 communiter
1049 3990 1227 4065 admitti*-¹

40 4119 42 4168 2
130 4106 191 4163 tur
211 4147 219 4177 ,
250 4092 395 4166 iaciliirs
421 4092 559 4182 absolsi
579 4119 687 4192 posse
710 4117 801 4177 eos,
828 4092 895 4192 qui
912 4087 1216 4189 prolabunturirssr

130 4207 279 4294 peccata
303 4189 418 4287 terta,
438 4187 608 4292 eoquod
620 4191 829 4268 occasiones
846 4213 975 4266 eorum
988 4184 1218 4292 frequentin·-
