2942 4717
247 285 312 354 502
440 287 593 379 Epitome
608 289 773 357 Doctrinae
788 286 923 359 Moralis
937 303 969 358 et
985 289 1173 357 Canonieae..

248 415 305 460 ιι.
319 394 409 486 Sept.
430 398 522 480 1694.
535 384 770 488 Decretumque
782 396 863 465 illud
876 395 1067 500 approbavit
1082 396 1194 464 innoc.
1212 396 1281 466 llll.
1291 423 1327 470 ex

249 503 314 571 quo
330 481 460 549 resultat
477 485 687 550 necessarium
707 507 772 550 esse
788 486 922 571 singulis
943 483 1055 550 diebus
1070 505 1236 551 numerum
1251 486 1327 553 Mis·

250 588 356 634 sarum
373 570 554 635 definitum.
576 571 680 637 lustit.
699 568 819 636 Eccles.
842 572 882 637 56
897 594 931 637 n.
946 571 997 635 16.

293 651 505 740 lrrdulgentire
520 653 627 731 altaris
645 678 716 721 cum
730 656 863 723 definito
873 678 1007 723 numero
1015 655 1183 725 Missurum
1196 703 1208 742 ,
1219 658 1244 723 si
1252 657 1327 724 for-u

252 741 417 826 contingat
427 758 570 832 ternpore
583 742 767 828 Adventus,
785 742 1106 829 etQuadragesimae,
1122 759 1158 808 ut
1171 746 1206 807 in
1222 739 1328 808 Eccle-

249 827 305 893 siis
322 823 529 914 Regularium
548 825 675 917 impleri
692 851 760 895 non
777 834 876 918 possit
892 850 1065 912 numerus,
1082 844 1246 911 remanent
1259 851 1327 894 sus-

249 934 368 1003 pensae.
385 912 530 1004 Reliquis
544 915 621 981 anni
634 913 747 980 diebus
758 962 769 999 ,
779 918 806 981 si
829 916 911 983 forti
927 915 961 979 id
980 914 1061 980 raro
1074 916 1253 1001 contingat,
1269 936 1329 980 ιιοιι

248 1016 416 1079 remanent
435 1023 613 1090 suspensae,
631 1001 714 1067 sicin
731 1023 792 1073 nec
814 1015 996 1085 remanent,
1018 1001 1044 1066 si
1061 999 1102 1066 ob
1118 1000 1331 1071 infirmitatem

250 1083 458 1151 sacerdotum
470 1091 533 1167 tam
554 1083 780 1172 secularium,
797 1092 892 1178 qu'am
913 1081 1122 1171 Regularium
1142 1087 1216 1152 rard
1230 1102 1330 1154 tamen

200 1198 204 1205 ’
250 1170 287 1235 id
308 1174 484 1259 contingat.
501 1174 548 1259 ltb
562 1174 760 1241 sacrosancta
777 1173 991 1262 Congregatio
1010 1172 1064 1239 die
1083 1172 1128 1239 bo
1143 1170 1225 1239 Julii
1243 1173 1329 1262 1706·

249 1252 336 1322 Μ’
354 1281 388 1323 ”’
410 1283 460 1346 ¹⁷'
655 1343 937 1414 anemurum.

248 1508 251 1519 ’
295 1514 535 1606 Appellationes
553 1541 684 1605 omnes,
702 1536 734 1586 et
746 1516 960 1586 inhibitiones
999 1540 1058 1609 per
1068 1516 1146 1609 quas
1159 1518 1333 1589 retardetur

250 1605 419 1689 executio,
438 1621 494 1671 aut
509 1605 553 1670 im
578 1607 702 1673 odiatur
716 1627 880 1695 processus
889 1606 933 1671 ad
946 1563 1098 1671 ulteriora
1120 1607 1154 1670 in
1175 1606 1235 1691 iis,
1295 1629 1332 1671 o-

251 1712 324 1756 rum
341 1692 487 1757 executio
503 1694 522 1755 b
539 1693 752 1777 lridentino‚
769 1689 822 1757 rel
836 1689 1129 1759 Constitutionibus
1145 1629 1334 1782 Apostblicis

252 1777 418 1845 commissa
440 1794 486 1844 est
499 1773 643 1846 locorum
660 1778 863 1863 Ordinariis,
882 1777 993 1844 addid
1014 1774 1154 1842 clausula
1196 1779 1339 1866 appel&

251 1865 335 1939 tione
352 1862 412 1948 uel
419 1860 596 1931 inhibitione
627 1886 797 1954 uocumque
809 1866 1007 2015 posposita,
1024 1885 1066 1928 ne
1077 1866 1096 1928 b
1109 1825 1335 1931 Tribunalibut

253 1949 465 2038 recipiantur,
482 1950 592 2016 statuit
605 1887 756 2016 i'ontilex
771 1953 805 2014 in
822 1948 880 2015 Bul
897 1947 1333 2019 dominumtuum

252 2049 332 2100 tom.
349 2059 381 2099 ι.
398 2057 435 2101 n.
451 2033 508 2101 48.
522 2035 602 2119 Quae
619 2034 868 2126 appellationes,
882 2033 1154 2125 inhibitionesque
1173 2036 1201 2101 si
1223 2055 1335 2101 conce-

252 2119 393 2205 dantur,
433 2138 618 2210 raeterquam
632 2123 720 2212 quod
734 2121 797 2188 hoc
813 2126 880 2213 ejus
897 2138 1052 2190 statutum
1065 2118 1227 2206 violetur,
1244 2118 1336 2188 nullu

252 2220 338 2273 sunt.
356 2144 437 2272 ibid.
454 2230 489 2273 n.
506 2209 559 2274 58.

293 2288 513 2383 Excipiuntur
529 2311 634 2363 tamen
650 2316 758 2380 casus,
776 2294 832 2386 qui
847 2293 930 2361 forte
946 2294 1144 2360 occurrerint
1165 2290 1336 2382 singulares

249 2375 295 2458 ,ab
309 2377 370 2443 hac
383 2378 491 2465 regula
510 2382 670 2447 eximendi
682 2406 693 2467 3
707 2398 785 2446 tunc
800 2382 930 2447 verone
944 2380 1249 2458 dentnrMonitoria
1261 2428 1271 2463 ‚
1281 2380 1337 2445 Ci-

252 2467 453 2556 tationesque
470 2484 577 2552 vetat,
588 2468 649 2532 nisi
665 2469 755 2568 prins
771 2469 805 2533 in
818 2465 956 2557 supplici
972 2462 1082 2531 libello
1098 2465 1216 2543 adhoc
1232 2466 1339 2557 porri-

255 2551 361 2636 gendo
377 2552 455 2636 lacti,
469 2555 705 2620 circumstantia
722 2550 892 2642 peculiaris
906 2550 990 2618 clare
1008 2568 1189 2642 exponatur
1201 2574 1275 2618 cnm
1288 2548 1340 2615 ali·

253 2659 320 2726 quo
346 2637 539 2705 documento
568 2637 742 2729 semiplene
767 2637 878 2707 saltem
903 2638 1046 2706 eamdem
1071 2638 1337 2709 circumstantium

254 2724 454 2792 ¹uerilicante.
471 2724 551 2794 ibid.
566 2748 601 2791 n.
618 2724 670 2810 39.
1172 2748 1174 2753 ⁴

648 2898 962 2969 ASPEESORIUM.

178 3117 181 3123 -
297 3070 458 3161 Episcopo
476 3072 667 3161 ingredienti
681 3072 820 3165 aliquam
837 3065 1009 3141 Ecclesiam
1025 3068 1236 3157 Collegiatam
1254 3095 1335 3162 por·

255 3156 428 3243 rigidebet
438 3161 648 3248 aspersorium
664 3182 730 3226 non
748 3160 789 3227 ab
800 3160 1035 3227 Archidiacono
1046 3205 1057 3243 ,
1070 3181 1125 3225 seu
1133 3156 1205 3224 aliis
1218 3159 1259 3224 de
1270 3156 1337 3224 Ca-

255 3242 383 3332 pitulo,
395 3246 454 3311 sed
469 3250 487 3310 b
504 3246 643 3332 digniori
661 3243 747 3312 illius
762 3244 927 3328 Ecclesiae,
938 3245 972 3311 si
985 3245 1063 3311 verb
1079 3256 1152 3310 cum
1164 3260 1225 3310 suo
1240 3243 1286 3311 Ca
1308 3244 1338 3308 i-

256 3327 315 3397 tilo
333 3329 532 3397 Cathedralis
556 3330 775 3432 capitulariter
798 3355 872 3397 anm
890 3328 1281 3398 indumentiscauonical'
1304 3344 1337 3393 ut

256 3417 298 3481 ad
319 3413 458 3527 aliquam
481 3415 653 3489 Ecclesiam
677 3441 741 3483 suae
765 3417 914 3484 Dioecesis
963 3417 1090 3483 recedat
1108 3464 1121 3512 ,
1138 3417 1268 3572 porrigi
1292 3411 1336 3480 illi

258 3500 353 3569 debet
373 3529 390 3567 a
407 3504 545 3589 digniori
564 3505 603 3569 de
620 3500 771 3593 Capitulo
790 3502 913 3573 Cathed
962 3505 1000 3570 is.
1019 3504 1122 3572 lnstit.
1167 3499 1259 3581 ucles.
1280 3499 1336 3569 10⁵

258 3588 888 3677 u,128.exDecr.SacraeCongr.Rit.'
1186 3646 1189 3653 .

680 3763 928 3832 BAPTISMUS.

253 4000 256 4007 .
303 3940 393 4006 Natis
408 3941 585 4008 infantibus
598 3939 778 4028 baptismus
798 3938 934 4007 conferri
951 3940 1047 4029 qulam
1069 3940 1210 4028 primum
1225 3936 1334 4020 debet,

253 4044 455 4129 ,pareantque
470 4028 609 4114 graviter
631 4027 687 4116 qui
712 4026 769 4090 diir
786 4023 877 4091 illum
896 4024 1073 4092 differuntc
1095 4042 1220 4115 tempus
1236 4040 1335 4090 autern

261 4113 465 4180 indefinitum
482 4130 548 4196 est,
568 4110 698 4202 latoque
720 4112 827 4177 edicto
847 4112 1035 4184 mandatum
1052 4111 1116 4177 luit
1131 4112 1241 4177 Romae
1252 4116 1334 4173 nnnc

254 4192 357 4291 iqui.
375 4215 411 4277 nt
425 4202 508 4277 intrlr
525 4199 667 4267 triduum
683 4199 789 4276 infans
803 4194 947 4291 lauetup
958 4198 1036 4268 lust.
1061 4195 1180 4270 Euclea,
1197 4193 1241 4287 98
1255 4217 1290 4263 n.
1304 4190 1336 4262 3ο
