2942 4717
261 208 329 300 aba
592 216 1033 296 Examen'ordinandorun.

140 433 142 436 Α
262 335 328 409 fiat
374 361 414 429 ro
434 335 554 436 primo
567 391 576 423 ,
589 339 654 438 qui
671 337 800 411 offeret
818 326 1108 436 eleemosynam,
1126 364 1197 413 non
1215 339 1322 414 uoltu

212 508 216 519 ,
262 447 318 505 est
334 361 462 508 iIlicita
478 461 522 509 ex
541 434 789 534 prohibitione
803 436 919 513 clem.
936 437 1035 511 VIII.
1047 435 1116 510 sed
1132 441 1232 511 etiam
1244 458 1319 538 pro·
1429 438 1432 587 1

261 528 424 605 babilibs
437 532 532 632 sept
548 534 792 608 erit'invalida
807 538 861 631 (n.
880 536 949 633 337
963 562 999 610 r.
1015 536 1181 631 Dicunt.)

181 661 253 726 ‘⁸1¹
312 628 1321 734 Quaer.VI.AnSacerdoeteneaturaliquandbeelebrare

212 726 215 734 ’
260 726 301 800 in
317 755 414 803 anno
426 730 617 830 I'Negant‚
637 734 789 830 praeciso
809 730 1005 821 seandalo,
1022 733 1059 806 S.
1076 736 1205 807 Bonar.
1222 730 1322 824 Caiet.

257 827 382 926 Lugo,
401 843 438 900 et
455 828 648 927 probabile
667 842 799 928 putant
814 831 915 904 Suar.
929 834 1042 929 Laym
1056 846 1093 902 et
1107 828 1182 903 Pal.
1197 825 1262 900 Alii
1272 839 1321 894 ta-

211 924 215 933 ’
257 950 347 999 men
369 926 604 1021 communibs
623 952 709 1002 cum
728 931 772 1008 D.
790 927 895 1026 Tb(
923 930 1032 1002 uibus
1053 951 1118 1024 ego
1139 926 1244 1024 magis
1264 920 1323 992 ad·

254 1022 400 1123 lraereo)
420 1019 621 1116 affirmant,
647 1052 734 1101 cum
759 1016 868 1101 rerba
892 956 1052 1117 dhrim,
1072 1027 1156 1099 Hoc
1159 1021 1270 1118 facite
1291 1019 1323 1089 ln

257 1149 377 1194 meum
404 1122 791 1216 commemorationem,
811 1124 1038 1227 probabiliin
1064 1149 1193 1199 rerum
1217 1115 1327 1192 conti-

257 1236 374 1295 neant
394 1237 641 1322 pracceptum,
658 1222 700 1296 tt
716 1225 802 1298 satis
822 1224 984 1307 declarat
996 1221 1252 1296 Tridentinum
1267 1240 1328 1289 ses.

256 1345 306 1391 22
320 1345 353 1395 c.
372 1346 410 1409 r,
428 1320 587 1393 dicendo
605 1349 614 1392 r
631 1321 829 1416 Apostolis.
846 1379 879 1398 ..
895 1378 903 1396 .
919 1348 1106 1419 eorumque
1120 1319 1158 1391 in
1173 1313 1329 1390 Sacerdo-

253 1417 307 1488 tr'o
329 1419 608 1504 successoribus,
631 1416 672 1491 ut
686 1417 1023 1518 offerrentprcecepit
1062 1445 1096 1491 er
1113 1417 1190 1489 hee
1212 1409 1329 1484 rerba:

255 1515 343 1588 Hoc
350 1513 481 1605 fircite.
499 1534 567 1591 etc.
581 1515 702 1591 Tanti)
720 1520 835 1617 magis
861 1517 963 1619 quod
976 1519 1017 1595 ’8.
1033 1447 1121 1591 Iius
1136 1513 1185 1597 V,
1199 1508 1333 1614 jusserit

254 1613 415 1715 primam
429 1615 642 1712 opinionem
649 1617 816 1715 cajetani
826 1617 989 1715 expungi
999 1642 1042 1688 ex
1053 1620 1135 1718 ejus
1149 1612 1334 1693 Commen-

254 1713 370 1785 tariis.
386 1713 587 1788 Merbesius
601 1729 724 1788 autem
737 1728 774 1787 et
785 1715 924 1788 Habert
938 1714 1080 1809 dicunt,
1090 1710 1208 1786 teneri
1224 1709 1336 1782 Sacer·
1394 1782 1395 1785 ,

259 1808 364 1884 dotes
381 1812 567 1886 celebrare
581 1812 712 1887 saltem
734 1813 908 1886 omnibus
927 1812 1057 1886 diebus
1075 1811 1194 1892 festis,
1214 1807 1334 1902 bisque

260 1908 427 1983 adhaeret
443 1913 609 1985 Concina
627 1937 670 1985 ex
685 1911 906 1986 Tridentino
917 1912 1072 1985 citsess.
1087 1936 1133 1984 22
1150 1935 1234 2006 cap.
1245 1900 1338 1988 XIV»

258 2007 326 2079 ubi
354 2010 407 2081 sio
437 2024 637 2083 monentur
665 2012 871 2111 Episcopi:
897 2012 1028 2082 Curent
1050 2003 1243 2105 Elimeam,
1260 2015 1296 2072 ut
1315 1996 1341 2068 Γ

159 2099 168 2114 ’
257 2107 371 2198 (idest
391 2107 621 2205 Sacerdotes)
643 2107 818 2180 celebrent
836 2106 961 2181 cadim
988 2106 1108 2178 diebus
1127 2098 1336 2186 Dominicis,

259 2202 413 2296 etfecu's
425 2204 699 2279 solemnioribus.
711 2206 784 2279 Se‘d
797 2232 840 2280 ex
852 2204 971 2279 verbis
987 2205 1064 2277 istis
1079 2201 1250 2276 nonsatis
1265 2221 1338 2297 pro·

259 2300 716 2389 barunhocessecmcitii
735 2304 937 2404 rigorosum
955 2317 1195 2404 praeceptum.
1205 2301 1340 2390 Quam·

262 2400 391 2473 obrem
405 2401 653 2502 probabilibs‚
675 2402 1021 2477 etcommunissimd
1042 2402 1174 2475 dicunt
1195 2399 1339 2473 Nann.

260 2516 298 2573 et
313 2504 442 2599 Laym.
468 2528 555 2575 eum
571 2502 656 2574 Solo
670 2555 679 2588 ‚
695 2502 837 2599 Sylrio‚
851 2500 985 2574 Palud.
1007 2498 1176 2573 Riccard.
1197 2495 1337 2568 Valent.

258 2616 296 2672 et
312 2599 422 2672 Elbel
448 2626 534 2674 cum
552 2601 683 2687 Scuto,
710 2599 831 2672 Gobat
847 2627 888 2672 ac
909 2596 1079 2674 Anaelet.
1105 2598 1134 2672 l.
1162 2596 1247 2669 611.
1275 2589 1339 2665 303

260 2694 352 2772 dub.
373 2725 409 2775 2.
427 2698 634 2772 sacerdotes
660 2700 775 2771 teneri
794 2695 864 2772 sub
888 2698 987 2797 gravi
1005 2697 1054 2770 ad
1078 2690 1341 2770 celebrandum

259 2795 391 2869 saltem
409 2796 534 2870 terrei
554 2811 686 2896 quater
700 2797 739 2869 in
755 2821 853 2869 anno
872 2797 910 2868 in
931 2796 1028 2875 festis
1045 2789 1340 2871 solemnioribus.

258 2888 379 2993 quue
396 2896 506 2968 sentit
525 2895 560 2968 S.
578 2894 651 2969 Tb.
674 2894 696 2970 3
720 2922 758 2994 p.
806 2950 816 2968 .
834 2896 880 2969 82
898 2909 967 2968 art.
994 2922 1056 2986 ro,
1075 2893 1230 2968 dicens:
1247 2885 1342 2961 Unde

258 2991 457 3077 Sacerdoti,
478 2991 619 3064 etiumsi
635 3019 708 3063 non
733 2921 867 3066 hadent
891 3019 1011 3066 curam
1035 2993 1259 3088 animorum,
1274 3007 1341 3056 nun

259 3088 339 3162 lieet
356 3090 498 3161 omnino
517 3089 785 3162 dcelebretione
801 3115 961 3181 cessure,
980 3092 1047 3164 sed
1064 3090 1194 3163 saltem
1219 3084 1345 3161 rt'detut
1438 3172 1439 3177 ἵ

259 3189 358 3286 quud
373 3188 544 3261 celebrere
570 3204 730 3260 teneatur
742 3186 779 3259 in
790 3186 1115 3288 pertimescam,
1134 3200 1172 3259 et
1189 3180 1343 3258 maximi
1438 3198 1439 3203 ’

259 3286 296 3359 in
310 3286 377 3358 illis
391 3285 529 3375 diebus,
545 3287 587 3359 in
600 3285 855 3381 quibusfideles
873 3287 1129 3359 communicare
1148 3303 1344 3358 consuere·

258 3400 340 3456 runt
352 3439 361 3471 ‚
381 3384 557 3457 nimirirm
576 3382 634 3456 die
658 3384 845 3465 Pascbatis
858 3438 867 3472 ‚
881 3387 1116 3460 Pentecosten
1143 3399 1183 3457 et
1207 3376 1345 3457 Natalis
1438 3438 1439 3455 .

208 3506 213 3517 ’
257 3483 409 3560 Domini
421 3509 464 3555 ex
479 3482 570 3556 Cau.
590 3476 690 3555 rude
704 3474 861 3557 Consec.
880 3481 965 3559 dist.
985 3482 1116 3562 2.lmb
1131 3479 1346 3570 Suaetug.
1438 3570 1439 3575 ἵ

257 3581 397 3656 Bonae.
418 3582 521 3655 Holz.
538 3595 576 3657 et
587 3580 699 3653 Salm.
717 3596 885 3665 censent,
901 3582 1068 3656 sufficere
1090 3580 1136 3653 ad
1151 3575 1345 3651 vitandum

259 3677 417 3753 mortale
435 3679 715 3777 celebrare'ter,
729 3679 783 3752 rel
804 3695 932 3777 quater
949 3682 987 3753 iu
1002 3706 1100 3753 anno
1115 3673 1346 3778 quibuslibet

261 3777 409 3851 diebus.
428 3776 546 3875 quue
559 3779 705 3851 videtur
721 3778 912 3852 conforme
926 3780 1081 3853 Decreto
1096 3779 1195 3851 Sacr.
1212 3774 1345 3939 Con‘pn

254 3874 417 3953 ‘Concilii
434 3875 532 3949 edito
548 3902 674 3950 mense
689 3876 888 3953 Novembr.
904 3878 993 3951 a'nni
1014 3878 1127 3975 1696,
1148 3874 1215 3950 ubi
1228 3872 1296 3943 dec
1313 3894 1345 3980 a:

260 3989 380 4048 ratum
397 3976 484 4063 fnit,
498 3975 606 4051 illum
623 3975 858 4049 Sacerdotem
874 3990 1031 4075 peccare
1044 3972 1267 4054 mortaliter,
1284 3989 1344 4067 qul

255 4068 339 4148 bon
368 4074 529 4152 celebrat
548 4088 627 4166 ter,
652 4060 709 4151 rel
729 4088 860 4175 quater
877 4078 916 4152 in
943 4102 1055 4162 anno.
1076 4070 1261 4153 Creterirm
1281 4088 1345 4167 pro
