2942 4717
297 275 405 370 Capit.
421 275 468 344 Χ.»
484 277 505 365 ς
520 275 564 356 ll.
584 275 711 345 Manita
722 276 765 344 ad
778 274 947 346 Parocbos.
1099 296 1161 364 ¹7²

92 385 457 464 losesseerudellores
469 388 508 461 in
519 389 723 464 Ecclesiam
734 388 802 462 Dei
816 390 1062 476 insectatores,
1071 388 1165 464 dum

93 486 403 566 siceoncionando
421 511 528 562 causa
548 502 665 573 sunt,-
684 514 754 561 cur
771 504 923 589 pereant
942 488 1068 564 multas
1081 490 1165 563 ani·

93 609 174 671 mas,
189 611 293 682 quae,
310 586 342 658 si
355 585 429 657 illis
447 589 546 658 'nxtb
564 588 830 685 Apostolorum
849 612 1017 661 normam
1031 587 1164 687 pradia

93 697 252 769 caretur,
266 690 393 783 ntique
408 611 513 757 sabvae
529 685 670 759 fierent.
684 683 809 758 Verba
828 686 975 776 inania,
992 686 1164 786 periodos

91 807 254 876 sonoros,
271 781 533 880 descriptiones
546 782 718 870 inutiles,
735 782 930 860 dicebatS.
944 784 1165 859 Franciscus
1208 811 1211 818 ’

92 878 234 954 Salonius
249 936 261 969 ‚
277 906 355 954 esse
368 894 508 978 pestem
521 871 729 968 concionis,
745 884 854 981 cnjus
866 885 975 956 nnius
989 885 1071 957 linis
1086 907 1165 958 esse

95 976 206 1067 debet,
225 978 437 1054 auditorum
452 980 655 1054 voluntates
667 979 900 1076 ergbbonum
912 1007 1166 1068 musere,nou

98 1092 202 1152 tunm
218 1077 452 1164 intellectum
468 1077 648 1152 inutiliter
667 1104 827 1175 pascere.
842 1080 1077 1176 Experientib
1093 1085 1168 1178 jam
1260 1087 1263 1092 ⁴

94 1172 278 1261 doeemur,
296 1203 363 1277 per
377 1176 589 1272 hujusmodi
606 1182 803 1252 conciones
820 1191 874 1251 tot
893 1179 1034 1280 liguris,
1050 1193 1085 1252 et
1098 1195 1167 1252 tro

113 1272 160 1360 is,
178 1288 214 1346 ct
233 1273 384 1349 dicendi
405 1273 526 1350 lunato
542 1276 695 1351 artificio
712 1275 931 1366 adornatas,
956 1278 1092 1350 animas
1116 1275 1165 1354 ad

89 1297 214 1444 bonam
234 1373 377 1474 frugem
394 1399 469 1447 oon
485 1372 627 1464 redire,
646 1374 731 1474 quia
750 1374 1168 1450 auxilinm=snumDeus

88 1472 228 1544 vanitati
248 1498 323 1547 non
345 1472 499 1548 confert.
515 1473 563 1545 Et
585 1472 656 1545 boc
679 1475 847 1548 omnium
861 1475 1166 1553 concionatorum

88 1570 188 1664 gmtii
203 1625 213 1656 ,
228 1571 295 1669 qui
309 1597 352 1646 ex
366 1574 526 1648 vanitate
539 1571 828 1660 concionantur,
849 1573 991 1647 dictum
1015 1574 1083 1655 sit,
1098 1572 1166 1650 sed

87 1668 312 1766 potissimirm
340 1694 492 1760 eornm,
521 1669 587 1769 qui
616 1695 741 1744 euram
767 1671 971 1745 animarum
1001 1669 1163 1761 habent,

87 1764 213 1865 quibus
225 1767 483 1842 Tridentinum
500 1769 581 1843 loeo
594 1770 704 1843 citato
718 1767 771 1843 sic
790 1767 996 1868 prescribit
1010 1798 1018 1841 :
1033 1768 1165 1843 Antea

83 1865 430 1980 presbyten'quoque,
445 1865 619 1956 Plebuni,
633 1867 880 1968 etquicunque
897 1865 1167 1948 Pnroebtitias..1

86 1988 199 2043 curam
222 1989 420 2039 animarum
441 1963 615 2043 babentes
638 1963 805 2039 ebclestbs
826 1989 1041 2066 quorumque
1058 1966 1165 2039 modo

87 2059 236 2135 obtinent
246 2088 316 2163 per
330 2089 370 2136 se
387 2065 402 2151 (
410 2066 469 2135 oei
477 2064 568 2137 olim
593 2062 761 2155 idoneos,
787 2063 824 2136 si
836 2063 987 2163 legitime
1010 2062 1169 2160 impediti
1229 2055 1236 2068 ’

78 2157 225 2253 suerent,
242 2160 362 2235 diebus
382 2163 508 2234 satem
534 2159 727 2235 Dominicis
743 2177 767 2253 ,'
782 2159 935 2260 etsestit
952 2162 1166 2237 solemnibus

81 2257 197 2354 plebes
212 2259 284 2333 sibi
294 2259 504 2333 commosse
515 2285 581 2356 pro
597 2283 681 2348 sun,
699 2275 735 2333 et
743 2285 863 2334 earum
871 2260 1064 2358 capacitate
1078 2287 1167 2360 pus·

84 2372 163 2429 cant
176 2357 385 2432 sobmt‘bus
404 2357 524 2432 verbis.
539 2358 573 2434 N
576 2372 721 2433 utentur
733 2356 797 2433 illa
815 2358 922 2433 verba
939 2415 948 2449 ,
961 2385 1030 2457 pro
1045 2382 1165 2432 surum

84 2456 297 2547 cnpncbntet
328 2455 429 2534 undb
459 2456 558 2540 certe
587 2456 757 2532 Concilio
793 2457 1077 2531 contraveniunt
1108 2454 1166 2530 illi

86 2551 272 2639 Pastores,
300 2554 365 2654 qui
383 2553 536 2630 sublimi
557 2553 652 2655 stylo
679 2568 843 2630 utuntur·
862 2554 994 2659 populi
1013 2554 1167 2631 audisn-

87 2650 127 2725 tis
139 2654 375 2753 capacitatem
385 2653 597 2728 excedente.

130 2755 213 2845 soi.
240 2752 311 2827 Hie
345 2776 494 2867 qnoque
527 2756 627 2852 jurat
668 2739 958 2827 animadvertere
998 2750 1167 2853 quedam

85 2853 209 2948 mtgnb
226 2851 517 2931 consideratione
535 2850 668 2949 digna,
691 2871 772 2950 quse
791 2851 993 2949 parochus,
1012 2853 1164 2927 eoneio⁴

87 2970 147 3023 nes
168 2948 332 3038 babens,
354 2948 496 3049 pupulo
519 2948 589 3023 sibi
615 2950 814 3024 commisso
831 2947 1023 3026 inculeare
1040 2948 1165 3028 debet.

86 3042 131 3120 Et
149 3073 177 3122 r.
194 3046 295 3147 quod
314 3045 361 3120 ad
375 3046 672 3122 emendationem
687 3072 763 3124 non
781 3046 938 3143 sufficiat
958 3071 1167 3148 proponere

87 3148 368 3243 potestantem,
381 3145 446 3221 sed
460 3148 569 3222 etiam
584 3145 745 3220 debeant
759 3147 970 3221 occasiones
983 3145 1164 3247 peccandi

87 3249 266 3320 removeri.
286 3246 336 3319 Et
355 3243 546 3347 loquendo
564 3242 611 3319 ds
628 3245 796 3341 sponsis,
812 3247 877 3346 qni
897 3243 1026 3321 domos
1044 3271 1165 3342 spon-

88 3364 201 3417 sarum
220 3343 474 3447 frequentant,
500 3342 600 3422 dicat
626 3346 701 3419 tam
730 3342 854 3442 ipsos,
871 3347 984 3443 quim
1013 3343 1165 3420 illarum

90 3456 272 3537 parentes,
299 3446 365 3546 qni
394 3442 466 3518 hoc
495 3441 738 3543 permittunt,
764 3467 843 3518 non
871 3466 980 3544 posse
1004 3442 1164 3535 absolvi,

88 3539 150 3618 unt
166 3542 333 3642 praefatas
352 3544 565 3618 occasiones
580 3539 764 3616 auferant·
1157 3573 1164 3584 ·

132 3640 210 3716 205.
227 3642 376 3716 insistat
390 3666 431 3726 a,
445 3641 484 3714 in
502 3640 691 3731 homines,
706 3638 773 3739 qui
788 3664 973 3739 cauponas
991 3639 1178 3741 frequen·-

88 3745 178 3823 tant,
194 3738 246 3812 eis
266 3736 516 3837 patefaciendo
535 3737 880 3839 plurimapeccata,
900 3762 984 3839 quae
999 3738 1051 3820 ibi
1071 3763 1165 3836 prte-

88 3844 138 3908 ter
158 3835 350 3913 ebrietates
375 3838 554 3913 committi
571 3833 712 3927 solent,
738 3833 985 3937 blasphemias
1002 3835 1165 3935 nempe,

87 3928 354 4023 contentiones,
366 3934 558 4021 scandala,
573 3934 848 4026 obscoenitates,
864 3934 1066 4010 discordias
1077 3963 1166 4014 cnm

85 4028 311 4121 domesticis,
329 4032 626 4110 defraudationea
644 4031 763 4108 victis
782 4033 953 4121 familias,
968 4048 1041 4110 ete.
1147 4044 1150 4050 '

129 4134 215 4216 206.
229 4129 1167 4241 nenmt3,nquatuntnnnaptconamina
1215 4183 1219 4188 ·
