2942 4717
209 393 214 400 ν
278 299 393 406 'Capit
405 299 587 395 Ultimsi.
597 293 728 375 Monita'
736 305 777 374 ad
786 305 915 375 sacerd.
925 305 1026 374 assist.
1136 299 1199 371 185

152 401 273 513 inqdos
286 418 522 501 contristent,
545 418 652 516 poend
668 446 710 492 ac
722 421 753 493 si
771 420 924 492 infirmis
937 413 1201 515 obligationem

166 515 284 588 timere
307 514 543 590 confessionis
560 524 721 617 (quam,
748 519 892 615 cognito
911 514 1099 616 periculo,
1123 514 1201 587 iilis

128 611 301 710 imponere
318 613 497 706 dehent),
514 613 613 692 idem
629 619 676 690 sit
695 618 737 689 sc
756 629 912 689 mortem
932 612 1171 688 denunciare.

175 709 250 784 230.
267 712 313 785 ΙΙ.
334 716 366 786 A
385 715 613 813 conjunctis,
634 714 786 800 amicis,
806 715 957 787 'necnon
977 711 1023 784 ab
1044 713 1203 811 ipsomet

127 822 268 905 egroto,
291 815 371 909 ujus
392 825 582 897 naturam,
604 811 794 896 indolem,
810 826 847 884 et
865 807 1028 884 defectus
1046 809 1201 909 perquir

85 1005 88 1010 ξ
129 921 199 980 retr
216 906 304 980 item
320 909 456 1008 quibus
472 908 667 984 indulserit
708 907 932 994 assionibus,
947 924 984 982 et
1001 907 1203 1008 praesertim

133 1002 207 1078 eiad
223 1005 386 1106 aliquam
400 1007 586 1082 bonorum
603 937 705 1082 auti

134 1114 203 1173 tur:
221 1104 252 1176 si
268 1104 398 1178 odium
416 1120 481 1179 aut
495 1132 643 1206 prusam
656 1105 826 1181 habuerit
837 1106 1054 1190 amicitiam,
1072 1119 1113 1176 ut
1128 1123 1204 1178 om·

127 1198 224 1274 nibus
243 1217 498 1302 opportunum
516 1204 678 1306 prebere
698 1205 811 1305 possit
830 1202 1047 1277 remedium.
1067 1199 1204 1276 Caveat

125 1320 320 1375 memorare
336 1303 484 1377 infirmo
502 1329 672 1403 personas
688 1304 775 1377 odio
793 1301 959 1388 habitas,
975 1315 1039 1375 aut
1053 1297 1202 1396 impuri

127 1393 291 1490 dilectus,
311 1401 342 1473 si
365 1401 414 1473 ad
441 1401 511 1476 hoc
530 1427 576 1476 ex
600 1403 815 1477 necessitate
840 1427 916 1474 non
941 1398 1206 1497 obstringetur.

129 1493 365 1589 vulneratos,
383 1503 580 1600 postquim
602 1500 649 1575 dc
674 1526 739 1589 eo,
759 1500 859 1600 quod
883 1497 930 1571 ad
952 1500 1206 1573 remissionem
1298 1517 1301 1522 ’

88 1665 90 1672 ,
127 1596 298 1692 pertinet,
319 1601 505 1697 provisum
521 1598 649 1690 fuerit,
667 1625 713 1673 ne
737 1601 958 1698 interroget,
987 1597 1071 1696 quis
1092 1594 1208 1683 ilios,

31 1721 32 1774 t
126 1693 191 1790 qut
206 1693 255 1768 de
274 1720 410 1784 eausa„
430 1696 487 1770 rel
502 1695 692 1795 quomodo
706 1698 856 1785 ioeserit3
874 1712 910 1768 et
926 1697 956 1768 si
973 1695 1141 1768 infirmus
1157 1694 1204 1765 de

31 1819 33 1860 1
126 1788 190 1865 hoo
207 1792 397 1893 loquitur,
417 1790 626 1870 sermonem
643 1794 689 1869 ad
705 1794 807 1869 aliud
825 1792 1004 1868 divertere
1022 1805 1139 1866 curet.
1155 1793 1207 1865 Et

31 1891 33 1896 ’
123 1886 171 1960 iu
185 1892 324 1983 etitm,
342 1893 373 1965 si
398 1893 596 1970 necessitas
615 1918 691 1970 non
715 1910 868 1991 urgeat,
893 1917 962 1967 uec
982 1890 1028 1964 de
1055 1888 1209 1977 litibus,

125 1985 226 2158 filiipi,
244 1989 375 2161 bopis,
393 1991 549 2094 aliisque
573 1990 683 2068 rebus
705 1987 1031 2094 impertinentibus
1053 1986 1208 2064 verbum

175 2112 186 2159 ι
213 2113 274 2161 em
308 2090 411 2163 aciat.

31 2261 33 2278 ἦ
126 2109 252 2260 quoia.
268 2185 329 2262 111.
341 2180 540 2305 Postquam
557 2186 669 2287 igitur
680 2187 853 2264 morbum
865 2184 1116 2289 periculosum
1130 2210 1210 2260 esse

119 2275 424 2383 deprehenderit,
440 2313 480 2361 ru
495 2288 625 2388 primis
637 2312 712 2363 non
726 2288 939 2405 alloquatur
950 2288 1143 2359 infirmum
1161 2284 1209 2359 da

31 2413 33 2446 t
125 2382 371 2476 confessione,
396 2384 463 2460 sed
482 2384 625 2459 tantiam
643 2411 728 2459 eum
750 2386 796 2460 de
817 2385 1045 2465 infirmitate,
1066 2381 1210 2456 dolori·

31 2473 32 2504 ³
125 2474 210 2573 bus,
234 2498 274 2556 et
289 2481 479 2583 quomodd
497 2484 611 2558 raleat
629 2482 786 2580 benigne
807 2484 1016 2582 interroget.
1032 2481 1211 2568 Hortetur

126 2576 224 2662 iude,
248 2595 291 2654 ut
307 2607 346 2655 ae
363 2584 431 2657 Dei
450 2582 628 2656 voluntati
647 2583 872 2673 conformet,
892 2595 1006 2681 utque
1021 2604 1106 2653 suaa
1122 2603 1211 2655 cum

127 2675 271 2752 Christo
287 2680 326 2753 in
343 2705 453 2774 cruce
467 2680 802 2781 languenti‘puenas
820 2685 1044 2779 conjungat,
1062 2701 1211 2752 necnon

31 2829 32 2836 κ
127 2788 168 2846 ut
179 2802 254 2876 eas
282 2804 323 2851 ro
340 2794 577 2878 peccatorum
589 2779 835 2855 satisfactione
849 2779 1027 2877 patienter
1042 2776 1146 2849 ferat.
1160 2777 1211 2849 Et

126 2805 377 2974 siopaniatim,
388 2880 459 2975 qud
472 2902 540 2979 par
553 2876 1177 2975 estprudentid,iilum,deternpore
1192 2875 1214 2947 i

31 3001 32 3062 j
128 2996 199 3142 pun
224 2973 479 3051 confusurus
499 2977 777 3076 interrogando,
798 2975 844 3049 ad
864 2973 1132 3052 confessionem
1150 2975 1212 3045 in·

153 3087 248 3145 ucat
268 3072 433 3161 Monest,
453 3087 495 3148 ut
512 3101 663 3150 omnem
678 3101 783 3149 suam
800 3098 905 3175 spem
923 3075 962 3147 in
980 3074 1058 3147 Deo
1074 3084 1213 3172 ponat,

130 3169 191 3267 qui
205 3183 336 3268 potens
354 3189 408 3245 est
423 3175 543 3273 ipsum
561 3177 601 3247 in
620 3175 833 3272 pristinam,
853 3173 883 3248 si
906 3170 1015 3258 velit,
1036 3171 1213 3246 reducere

129 3271 331 3356 sanitatem.
349 3272 398 3346 At
411 3270 540 3345 eodem
552 3286 720 3367 tempore
732 3273 866 3347 sensim
881 3270 1033 3353 efficiet,
1050 3282 1092 3343 ut
1105 3293 1215 3368 tegru-

130 3379 185 3438 tua
211 3391 288 3440 auae
316 3369 539 3444 infirmitatis
562 3370 770 3470 periculum
796 3385 977 3470 agnoscat.
1004 3370 1214 3443 Praesertim

132 3462 311 3552 advertat,
333 3492 381 3542 ne
402 3467 466 3543 ille
489 3468 640 3542 omnino
661 3468 774 3543 fidem
798 3467 957 3569 prebeat
980 3466 1156 3552 medicis,
1177 3478 1215 3540 et

132 3565 368 3668 propinquis,
390 3568 452 3668 qui
476 3564 570 3641 sorte
595 3567 714 3641 morbi
738 3569 948 3666 gravitatem
967 3568 1001 3639 ei
1019 3563 1214 3652 celabunt,

134 3685 179 3733 ne
196 3664 318 3762 ipsum
336 3690 491 3739 moerore
511 3663 683 3742 afficiant.
695 3667 820 3754 Dicat,
837 3666 1012 3765 sapientis
1027 3689 1105 3737 esse
1119 3684 1215 3762 prae-

70 3774 73 3780 '
135 3760 256 3857 ridere
275 3761 411 3837 futura.
429 3764 627 3852 Hortetur,
646 3780 688 3838 ut
706 3765 795 3838 dum
811 3790 916 3837 mens
932 3762 1045 3847 valet,
1067 3759 1218 3836 coufes-

32 3923 34 3930 ,
134 3860 275 3950 sionem
300 3859 430 3950 saciat,
449 3883 535 3962 quar
555 3865 718 3961 corporis
737 3863 845 3936 saluti
864 3863 920 3957 (si
945 3863 1076 3934 animae
1102 3884 1216 3957 expe·
1291 3937 1292 3940 Ἴ

697 1034 787 1082 amae
799 1008 1066 1081 restitutionem
1078 1020 1203 1077 tenea·
1317 1089 1324 1104 ·

136 3956 390 4053 dierit)etitrn'
403 3960 579 4060 proderit.
593 3962 715 4036 Refert
729 3961 978 4037 Belluacensis
993 3958 1038 4031 de
1054 3957 1216 4058 quodam
1302 4034 1316 4043 „

136 4056 379 4159 moribundo,
396 4057 501 4158 quod
520 4062 700 4162 statim'ic
716 4062 795 4160 ipse
809 4086 875 4133 sua
890 4059 1076 4139 con-fessus
1089 4056 1218 4147 suisset
1317 4109 1318 4112 ,
1438 4105 1440 4125 ,

137 4169 304 4253 peccata,
320 4157 343 4237 'i
359 4169 474 4235 strato
487 4159 688 4237 incolumis
705 4159 915 4236 surrexerit.
933 4158 1074 4238 Pariter
1089 4155 1217 4234 Canti-
