2942 4717
430 209 513 364 Cap.
527 259 587 328 lll.
604 259 655 327 De
670 258 838 330 ordinibus
852 261 888 328 in
901 262 1019 350 specie.
1128 317 1131 330 ,
1193 259 1255 332 sit

42 454 44 458 ,
167 368 306 472 'affective
321 372 450 447 librum'
465 373 721 488 Epistularum,
746 372 883 446 ethube
894 386 1104 471 potestutem
1120 371 1264 470 legend!
1362 394 1365 398 ·

167 490 290 544 casea
302 474 473 570 ..Duplici
490 499 588 547 ennn
601 474 764 552 ,materia
776 471 912 572 duplex
928 471 1125 545 adhibetur
1142 473 1259 545 formu

168 573 347 667 partialis.
367 559 537 647 Officium
556 572 778 644 subdiaconi
804 573 930 666 (ultra
952 570 1127 669 praedicta
1145 572 1183 642 in
1199 569 1259 642 al-

166 675 240 741 tari
255 677 271 762 )
286 687 339 743 est
355 671 496 744 deferre
514 674 671 745 Crucem
685 725 695 755 ‚
708 685 745 743 et
759 669 879 742 lavare
894 669 1110 768 corporalia.
1128 671 1260 742 Pecca-

166 782 228 839 ret
242 770 518 854 subdiaconus,
539 773 569 842 si
587 770 726 869 absque
744 766 935 865 manipulo
953 766 1169 841 solemniter
1187 771 1259 840 mia

166 867 343 941 nistrarct
365 868 403 940 in
428 868 565 953 Missa,
587 869 655 941 nisi
681 882 827 966 urgeret
852 867 1046 940 necessitas
1068 922 1077 955 ,
1102 880 1143 938 ut
1162 866 1261 940 dicit

170 964 214 1037 P.
227 966 331 1039 suar.
349 965 395 1040 de
407 967 563 1040 Censor.
578 968 683 1064 Disp.
696 970 756 1060 da.
768 967 784 1063 )
798 969 856 1041 An
871 982 992 1047 autem
1006 967 1159 1062 graviter
1175 987 1260 1061 pec·

169 1077 229 1136 cet
254 1064 507 1140 Subdiaconus
532 1065 740 1139 ministrans
767 1069 805 1138 in
831 1063 1012 1137 mortali?
1037 1064 1132 1136 Vide
1160 1061 1258 1136 dieta

165 1165 284 1262 suprlr
311 1189 348 1235 n.
371 1168 423 1257 nl.
437 1162 603 1239 Clericus
618 1173 629 1255 (
647 1163 703 1237 vel
729 1164 838 1236 etiam
861 1163 1260 1257 subdiaconos)exer·
1291 1188 1294 1202 ·

166 1285 260 1350 cens
277 1262 435 1337 officium
448 1262 673 1337 subdiaconi
688 1263 766 1336 siue
782 1260 993 1357 manipulo,
1008 1260 1063 1333 rel
1081 1286 1167 1335 cum
1185 1286 1261 1333 ma·

165 1359 331 1457 nipulo,
359 1361 425 1435 sed
454 1384 530 1435 non
554 1359 752 1434 intendens
781 1387 824 1433 ex
852 1359 972 1434 officio
1000 1374 1126 1431 actum
1149 1358 1258 1432 illum

166 1481 360 1545 exercere,
378 1485 453 1532 non
467 1461 623 1533 incurrit
636 1459 963 1557 irregularitatem
981 1459 1066 1556 quia
1084 1474 1174 1531 tunc
1188 1462 1202 1554 (
1216 1469 1259 1530 ut

110 1629 119 1638 ,
165 1560 222 1628 ait
233 1557 368 1631 Bonae.
382 1562 396 1653 )
410 1572 554 1631 exercet
565 1557 707 1630 tantum
723 1558 884 1630 officium
896 1560 1065 1630 cantoris.
1079 1556 1210 1641 Sociis,
1227 1555 1258 1630 si

137 1697 143 1702 ·
164 1679 257 1733 cum
272 1655 461 1755 manipulo
481 1651 689 1730 intenderet
706 1681 872 1730 exercere
886 1655 1048 1730 officium
1067 1657 1260 1754 proprium

163 1750 407 1827 subdiaconi.

219 1851 270 1924 Ut
284 1852 366 1951 quis
383 1851 430 1925 ad
442 1827 752 1928 subdiaconatum
768 1850 1122 1952 possituromoveri,
1138 1850 1301 1960 requi-53

166 1949 268 2023 ritur
289 1977 320 2024 t.
338 1953 438 2024 ursit
452 1950 643 2026 ordinatus
659 1956 696 2024 iu
712 1951 933 2025 minoribus.
948 1951 1095 2023 a.·AEtas
1114 1976 1172 2024 nt.
1190 1976 1258 2022 un·
1292 1977 1303 2002 τ

163 2071 306 2124 norum
341 2049 626 2149 completorum.
651 2050 686 2124 3.
710 2048 859 2125 Titulus
889 2049 1192 2140 sustentationis(
1212 2047 1261 2120 de

166 2172 247 2246 quo
267 2146 348 2221 vide
372 2147 471 2221 dicta
499 2174 538 2223 n.
564 2148 609 2247 37
631 2148 677 2221 ad
696 2147 756 2253 39.
776 2154 789 2243 )
812 2153 849 2243 4.
873 2149 927 2223 Ut
948 2146 1043 2223 bens
1061 2148 1153 2222 sciat
1175 2170 1261 2247 qute

164 2248 358 2344 pertinent
384 2246 432 2320 ad
458 2273 565 2319 suum
591 2273 737 2320 munus.
759 2248 793 2320 5.
819 2251 1004 2332 Examen,
1029 2246 1126 2345 quod
1150 2245 1260 2319 debet

166 2343 323 2444 quidem
342 2346 541 2444 rigorosins
564 2370 641 2443 esse
664 2346 702 2417 in
720 2343 986 2428 subdiaconis,
1012 2359 1053 2417 ut
1072 2343 1167 2417 recte
1189 2343 1259 2417 ad·
1290 2437 1297 2446 ι

163 2442 275 2515 vertit
298 2443 540 2517 Homobonus
561 2445 578 2541 (
598 2442 893 2516 Poenitentiarius
917 2443 955 2514 in
982 2440 1149 2516 Ecclesia
1165 2443 1260 2520 Bou.

164 2553 207 2615 et
220 2540 408 2637 signanter
423 2542 519 2616 circs
535 2540 758 2615 subdiaconi
777 2540 1019 2639 obligationes
1031 2540 1164 2638 nemps
1178 2564 1259 2614 ser·

164 2640 279 2713 randi
290 2643 520 2728 castitatem,
537 2640 714 2715 recitandi
726 2640 885 2713 officium
903 2667 916 2725 ,³
928 2638 1089 2712 habendi
1107 2638 1259 2713 titulum

163 2739 463 2828 sustentationis;
483 2736 639 2811 necnon
652 2739 763 2812 refert
779 2736 1030 2830 subdiaconos
1050 2739 1259 2811 examinare

164 2837 265 2911 circi
278 2839 480 2923 Censores,
498 2855 533 2911 et
545 2836 832 2935 Irregularitates
849 2894 857 2915 ,
874 2861 1031 2935 quarum
1045 2836 1259 2935 singulatim

164 2934 431 3110 Efi⁰⁰5P⁸¹i⁰m
456 2934 665 3011 rudimenta
686 2961 773 3010 mox
794 2936 891 3010 iniri
911 2933 1068 3010 breviter
1088 2959 1262 3009 recense-

195 3059 304 3113 rmus.

483 3181 517 3279 5.
530 3183 561 3258 Ι.
580 3182 638 3254 De
658 3197 736 3254 roto
754 3179 939 3256 corruatis.

214 3326 425 3403 subdiacon
454 3354 529 3402 sex
545 3343 732 3427 praecepto
749 3330 784 3400 S.
798 3328 963 3426 Gregorii
981 3326 1090 3428 Papae
1108 3326 1147 3401 in
1166 3351 1198 3402 e.
1212 3350 1306 3422 ως.

163 3428 261 3503 Dist.
281 3430 328 3500 28
342 3355 489 3506 rendur
505 3442 632 3501 votnrn
650 3426 822 3501 castitatis
844 3428 1021 3502 emittere.
1044 3428 1140 3499 Hinc
1157 3425 1258 3497 obli·

165 3527 265 3624 gatio
277 3529 505 3616 castitatiassin
515 3525 702 3601 Ordinatis
718 3527 756 3598 in
773 3527 884 3600 sacris
898 3521 1082 3599 veriorest¹
1094 3523 1259 3598 exrivotl

164 3622 371 3718 Ordinibus
394 3629 525 3699 annexi
543 3681 553 3714 ,
572 3629 684 3725 quim
706 3626 878 3725 praecepti
899 3624 1073 3697 Ecclesiae
1088 3680 1096 3703 .
1112 3621 1161 3696 itt
1173 3621 1263 3697 satis.
1299 3711 1304 3716 ,

163 3723 356 3821 colligitur
372 3749 415 3796 ex
438 3747 520 3893 oggi.
544 3725 638 3797 Cum
660 3723 774 3808 olim,
796 3721 842 3795 de
862 3722 962 3796 Cler.
979 3724 1135 3818 Coniug.
1151 3723 1258 3794 ntu-

495 3845 505 3892 r

161 3821 298 3896 mensi
314 3823 396 3920 quis
414 3823 466 3904 Or
510 3847 594 3895 nem
608 3822 702 3894 susci
734 3821 843 3893 iendo
859 3819 1027 3920 expressit
1042 3819 1161 3892 nollet
1173 3842 1258 3892 cas·

162 3922 307 3994 titatern
320 3945 467 4005 vovere,
484 3934 573 3993 tunc
593 3923 658 3993 iste
675 3849 806 3994 saltem
822 3944 865 3994 ex
910 3933 1066 4017 recepto
1084 3914 1259 3993 Ecclesiae
1318 4001 1320 4010 ,

162 4020 213 4094 ed
236 4021 439 4092 castitatem
462 4034 660 4093 teneretur.
688 4020 844 4117 Hocque
893 4015 1093 4101 icendum,
1115 4016 1260 4092 etibrnsi

162 4118 324 4200 nesciret
344 4116 442 4194 hano
469 4117 756 4221 obligationem,
778 4113 897 4196 modd
915 4112 1029 4193 vellet
1051 4114 1135 4195 'rare
1154 4113 1259 4197 ordis
