2942 4717
268 235 352 305 nlo
460 231 494 241 ”
540 263 546 269 ·
614 231 757 303 Examen
773 229 1048 304 ordinandorum.
1146 267 1153 336 ss

181 420 184 426 .
230 355 266 433 to
313 343 420 421 <vlt
442 346 681 448 Requiritor‚
710 364 748 419 ut
775 348 1035 442 Ordoinfen'or
1056 345 1347 446 antispastum

214 454 217 461 '
289 447 514 546 suscipiatur,
531 446 618 519 aliis
631 448 695 545 qui
713 473 779 544 per
792 445 926 519 saltum
940 446 1150 530 ordinatur,
1165 453 1348 547 suspensio·

289 571 375 619 nem
393 547 473 645 ipso
489 545 585 617 facto
604 546 762 619 incurrit
778 545 825 617 ab
839 546 1008 619 exercitio
1023 546 1173 620 Ordinis
1187 550 1350 648 suscepti⁸

290 645 410 717 donec
428 645 635 740 Episcopus
648 643 904 743 'dispenset(l.
925 644 1002 717 6n.
1022 645 1128 744 793.)
1434 689 1435 708 κ

296 816 299 824 ,
339 741 438 815 VIII.
464 741 635 816 UeOr'do
660 743 879 840 suscipiatur
901 758 1055 841 tempore
1071 743 1193 822 nabata
1213 744 1350 818 Ordinet

288 845 448 940 maiores
460 841 723 938 possunts'usci
752 840 922 914 itantiam
939 839 1099 915 sabbatis
1112 858 1264 943 quatuor
1274 859 1350 914 tem·

289 963 422 1040 porum
436 964 445 1031 ;
460 937 609 1024 sabbato
624 937 707 1011 antri
718 865 946 1034 boniniensi
963 942 1159 1040 passionis,
1174 959 1209 1013 et
1219 941 1350 1014 sabbato

289 1052 432 1112 sancto.
457 1040 615 1113 Minores
628 1033 714 1110 verb
728 1053 882 1135 possunt
898 1040 1014 1137 accipi
1034 1038 1199 1140 quolibet
1215 1041 1297 1112 festo
1313 1039 1351 1112 de

290 1149 491 1234 p'roecepto‚
512 1150 547 1208 et
566 1137 674 1209 etiarn
690 1135 776 1209 ferit
795 1140 892 1210 sexti
908 1138 994 1212 aute
1012 1138 1206 1211 sabbatum
1219 1164 1352 1237 genera·

290 1233 337 1306 lis
355 1236 625 1318 Ordinationis.
645 1249 682 1307 et
697 1235 786 1307 scrib
806 1239 934 1336 quarti
954 1251 1111 1334 quatuor
1125 1238 1354 1335 Temporum‚

293 1335 391 1405 ‘ortt
404 1332 711 1406 'consuetudinem
726 1338 919 1434 receptam.
932 1336 1103 1407 Attamen
1118 1334 1217 1436 apud
1230 1337 1353 1430 Ferrar.

227 1472 234 1489 ·
289 1359 468 1504 liibliotb.
485 1445 510 1504 t
529 1432 772 1506 5verb.0rdo
789 1460 828 1507 n.
847 1433 1030 1531 paffertor
1042 1430 1240 1508 Decretum
1252 1435 1354 1506 Sacrae

291 1530 423 1628 Congr.
441 1528 554 1603 Cone.
586 1532 627 1605 13
645 1533 734 1628 Apr.
762 1529 872 1701 ipso,
891 1530 955 1604 ubi
975 1532 1130 1617 dicitur,
1146 1532 1275 1632 ·qobad
1292 1534 1355 1605 Or·

292 1628 396 1700 diues
425 1631 587 1701 minores
613 1654 717 1729 posse
746 1646 781 1701 to
799 1631 892 1703 erari
920 1630 1225 1708 consuetudinem
1243 1688 1252 1720 ‚
1269 1632 1297 1703 si
1318 1632 1357 1702 sit

291 1726 607 1811 immemorabilis,
631 1725 733 1827 quod
751 1730 1005 1801 ministrentur
1028 1728 1087 1801 die
1110 1730 1262 1803 Veneris
1286 1740 1357 1828 post

293 1823 514 1928 prandium,
529 1825 594 1898 sed
606 1825 778 1925 expedire
791 1830 829 1899 in
845 1825 916 1899 hoc
932 1883 941 1914 ‚
960 1841 1000 1900 ut
1016 1830 1225 1927 Episcopus
1236 1856 1272 1902 se
1286 1851 1358 1900 con·

292 1924 427 1998 formet
435 1924 646 1998 'pontificati
660 1923 836 1999 Romano.
851 1927 923 2018 Qui
939 1940 1060 2003 autem
1076 1926 1263 2001 ordinatur
1273 1929 1357 1998 extri

293 2035 475 2122 temporo,
486 2019 761 2122 suspensionem
770 2024 850 2123 ipso
862 2025 957 2097 iacto
967 2025 1123 2101 incurrit
1132 2018 1175 2121 (l.
1189 2028 1259 2102 dn.
1272 2023 1358 2124 796)

235 2119 266 2193 ⁴¹
294 2149 298 2156 ¹
340 2121 412 2224 IX„
426 2122 653 2221 Requiritur,
671 2136 712 2194 ut
730 2121 887 2196 Ordines
905 2124 1152 2222 suscipiantur
1168 2123 1357 2225 perdebito

292 2219 503 2320 'temporum
522 2218 723 2292 Interstitio.
741 2220 789 2293 Et
809 2248 836 2293 1.
854 2221 1121 2296 interordines
1135 2225 1292 2298 minores
1306 2246 1360 2293 re·

324 2320 454 2393 nititur
475 2316 624 2417 aliquod
650 2317 910 2392 intervallum:
935 2319 1071 2394 dicitur
1093 2323 1260 2419 aliquod,
1287 2321 1360 2419 quia

290 2344 393 2490 illud
409 2416 562 2492 minimi
581 2416 865 2490 determinatum
884 2434 937 2492 est
951 2422 970 2491 a
986 2418 1154 2494 Trident.
1170 2422 1210 2494 in
1227 2445 1307 2497 sess.
1321 2416 1358 2491 23

200 2598 203 2603 ,
268 2588 271 2594 J
294 2539 331 2589 o·
358 2544 393 2589 ιι
413 2517 462 2590 de
477 2514 541 2590 ref.
564 2512 628 2588 ubi
648 2519 757 2590 etiam
777 2515 949 2601 additur,
975 2516 1064 2590 Nisi
1080 2517 1182 2590 atta
1201 2520 1359 2614 Episcopo

294 2615 459 2708 expedire
474 2612 585 2710 magis
602 2612 776 2689 rideretur.
798 2616 921 2688 Potest
938 2627 1060 2687 tamen
1083 2615 1199 2691 libere
1214 2620 1359 2719 Episco·

323 2737 364 2785 us
374 2714 530 2811 primam
540 2712 745 2785 Tonsuram
758 2733 841 2812 curn
856 2711 980 2812 aliquo
990 2712 1128 2787 Ordine
1139 2718 1280 2790 minore
1289 2740 1361 2788 oon·

284 2737 402 2897 barre,
424 2812 471 2884 Il.
491 2811 543 2885 Ut
558 2814 576 2882 ὲ
593 2811 799 2885 minoribus
814 2810 1032 2885 ascendatur
1052 2813 1098 2886 ad
1119 2814 1361 2889 subdiacona-

294 2920 400 2998 tum,
424 2911 623 3011 requiritur
647 2910 733 2981 anni
757 2912 913 3008 spatium
938 2940 947 2981 ε
971 2911 1059 3005 Nisi
1074 2915 1291 3004 necessitas,
1308 2911 1361 2983 aui

294 3007 460 3083 Ecclest'oe
475 3003 718 3106 (intelligitur
735 3010 795 3081 oui
812 3010 1050 3100 Ordinandus
1068 3024 1122 3083 est
1140 3010 1359 3112 adscriptus)

293 3106 423 3180 utilitas
439 3104 572 3204 judicto
591 3105 761 3204 Episcopi
776 3108 875 3179 uliud
887 3123 1082 3202 exposcor:
1101 3125 1145 3182 ut'
1159 3109 1313 3206 babetur
1325 3107 1357 3178 in

185 3215 186 3220 ’
294 3204 462 3280 Trident.
485 3203 510 3278 l.
539 3231 571 3280 c.
598 3209 655 3279 13.
679 3203 731 3278 Ut
755 3205 974 3279 ascendatur
996 3210 1014 3278 b
1034 3205 1303 3300 subdiaconatu
1319 3200 1358 3278 ad

293 3301 540 3379 Diaconaturn·
551 3303 753 3403 requiritur
766 3301 873 3377 etilm
890 3308 977 3377 anni
991 3307 1149 3405 spatium
1163 3364 1173 3393 ‚
1188 3307 1253 3382 sed
1264 3306 1360 3402 Epis·

295 3427 410 3501 oopus
431 3405 476 3474 >in
501 3402 570 3474 boo
593 3426 636 3474 ex
659 3405 785 3500 quavis
802 3403 1007 3479 rationabili
1028 3432 1136 3479 causa
1160 3406 1358 3505 dispensare

293 3513 437 3604 potest;
456 3525 539 3573 nam
551 3499 589 3572 in
597 3499 699 3579 ‚Trid
715 3528 748 3575 c.
771 3502 831 3592 13,
849 3500 985 3577 dicitur
996 3502 1083 3575 Nisi
1088 3504 1187 3576 aiud
1194 3504 1358 3601 Episcopo

257 3679 259 3686 y
295 3600 458 3674 ridentur.
471 3599 534 3699 IV.
553 3596 744 3698 Deniqut,
766 3615 807 3672 ot
826 3604 844 3674 t
868 3603 1065 3675 Diaconatn
1082 3603 1300 3696 ascendatur
1320 3591 1362 3711 nl

221 3785 223 3788 v
293 3696 1359 3797 Sacerdotium,requiritursaltbrnauniintervallum3Niu
1406 3697 1411 3715 ‘

294 3796 339 3870 ob
354 3796 521 3869 Ecclesia
540 3793 718 3872 utilitatem
734 3852 744 3883 ‚
760 3820 805 3868 ac
821 3794 1062 3871 necessilatem
1080 3800 1180 3873 aliud
1192 3800 1358 3898 Episcopo

296 3885 480 3980 rideretur,
501 3893 541 3968 itt
557 3894 596 3967 in
614 3893 781 3967 'tridente
804 3922 837 3970 c.
866 3900 921 3991 14.
940 3897 1033 3986 Nota
1049 3898 1111 3971 hic
1132 3897 1307 3971 utilitatem
1322 3915 1358 3964 uc

294 3994 554 4079 necessitatem,
571 3994 735 4092 intellige
751 4001 1002 4069 necessitatem
1018 3997 1194 4069 moralem
1209 4054 1218 4083 ,
1238 3987 1359 4094 nempl

294 4089 489 4168 utilitatem
503 4090 730 4189 notabilem,
744 4109 928 4172 etcertum
941 4095 1305 4201 proptiae'Eoclesite'.
