<?xml version="1.0" encoding="UTF-8"?>
<!DOCTYPE html PUBLIC "-//W3C//DTD XHTML 1.0 Transitional//EN"
    "http://www.w3.org/TR/xhtml1/DTD/xhtml1-transitional.dtd">
<html xmlns="http://www.w3.org/1999/xhtml" xml:lang="en" lang="en">
 <head>
  <title>
</title>
<meta http-equiv="Content-Type" content="text/html;charset=utf-8" />
  <meta name='ocr-system' content='tesseract 3.04.00' />
  <meta name='ocr-capabilities' content='ocr_page ocr_carea ocr_par ocr_line ocrx_word'/>
</head>
<body>
  <div class='ocr_page' id='page_1' title='image "./theologiamorali02mansgoog_0302.png"; bbox 0 0 2942 4717; ppageno 0'>
   <div class='ocr_carea' id='block_1_1' title="bbox 287 256 1069 349">
    <p class='ocr_par' dir='ltr' id='par_1_1' title="bbox 287 256 1069 349">
     <span class='ocr_line' id='line_1_1' title="bbox 287 256 1069 349; baseline 0.004 -24"><span class='ocrx_word' id='word_1_1' title='bbox 287 258 367 347; x_wconf 49' lang='lat'><strong>&amp;74</strong></span> <span class='ocrx_word' id='word_1_2' title='bbox 531 343 534 349; x_wconf 21' lang='lat'>¹</span> <span class='ocrx_word' id='word_1_3' title='bbox 620 259 769 330; x_wconf 81' lang='lat' dir='ltr'><strong>Examen</strong></span> <span class='ocrx_word' id='word_1_4' title='bbox 786 256 1069 331; x_wconf 71' lang='lat' dir='ltr'><strong>ordinandorum·⁴</strong></span> 
     </span>
    </p>
   </div>
   <div class='ocr_carea' id='block_1_2' title="bbox 165 365 1436 4117">
    <p class='ocr_par' dir='ltr' id='par_1_2' title="bbox 287 362 1436 876">
     <span class='ocr_line' id='line_1_2' title="bbox 288 365 1436 477; baseline -0.002 -33"><span class='ocrx_word' id='word_1_5' title='bbox 288 371 347 471; x_wconf 64' lang='lat' dir='ltr'><strong>D·</strong></span> <span class='ocrx_word' id='word_1_6' title='bbox 358 370 594 466; x_wconf 84' lang='lat' dir='ltr'><strong>Thomaa)ac</strong></span> <span class='ocrx_word' id='word_1_7' title='bbox 608 399 684 447; x_wconf 88' lang='lat' dir='ltr'><strong>non</strong></span> <span class='ocrx_word' id='word_1_8' title='bbox 698 389 917 477; x_wconf 80' lang='lat' dir='ltr'><strong>corruptus,</strong></span> <span class='ocrx_word' id='word_1_9' title='bbox 934 387 997 447; x_wconf 90' lang='lat' dir='ltr'><strong>aut</strong></span> <span class='ocrx_word' id='word_1_10' title='bbox 1010 365 1234 470; x_wconf 88' lang='lat' dir='ltr'><strong>corruptioni</strong></span> <span class='ocrx_word' id='word_1_11' title='bbox 1252 365 1359 468; x_wconf 76' lang='lat' dir='ltr'><strong>prori⁴</strong></span> <span class='ocrx_word' id='word_1_12' title='bbox 1435 390 1436 461; x_wconf 64' lang='grc' dir='ltr'>ξ</span> 
     </span>
     <span class='ocr_line' id='line_1_3' title="bbox 287 469 1436 572; baseline -0.003 -30"><span class='ocrx_word' id='word_1_13' title='bbox 287 491 407 559; x_wconf 65' lang='lat' dir='ltr'><strong>‚mua;</strong></span> <span class='ocrx_word' id='word_1_14' title='bbox 427 471 515 543; x_wconf 72' lang='lat' dir='ltr'><strong>alias</strong></span> <span class='ocrx_word' id='word_1_15' title='bbox 535 496 611 544; x_wconf 89' lang='lat' dir='ltr'><strong>non</strong></span> <span class='ocrx_word' id='word_1_16' title='bbox 635 487 690 544; x_wconf 89' lang='lat' dir='ltr'><strong>est</strong></span> <span class='ocrx_word' id='word_1_17' title='bbox 713 473 862 546; x_wconf 85' lang='lat' dir='ltr'><strong>materia</strong></span> <span class='ocrx_word' id='word_1_18' title='bbox 888 485 986 572; x_wconf 87' lang='lat' dir='ltr'><strong>apta.</strong></span> <span class='ocrx_word' id='word_1_19' title='bbox 1006 469 1060 546; x_wconf 87' lang='lat' dir='ltr'><strong>Ut</strong></span> <span class='ocrx_word' id='word_1_20' title='bbox 1084 483 1202 565; x_wconf 87' lang='lat' dir='ltr'><strong>autem</strong></span> <span class='ocrx_word' id='word_1_21' title='bbox 1224 469 1269 540; x_wconf 88' lang='lat' dir='ltr'><strong>sit</strong></span> <span class='ocrx_word' id='word_1_22' title='bbox 1295 494 1359 539; x_wconf 86' lang='lat' dir='ltr'><strong>ma·</strong></span> <span class='ocrx_word' id='word_1_23' title='bbox 1435 490 1436 501; x_wconf 58' lang='lat'>¹</span> 
     </span>
     <span class='ocr_line' id='line_1_4' title="bbox 299 566 1436 662; baseline -0.003 -25"><span class='ocrx_word' id='word_1_24' title='bbox 299 567 391 639; x_wconf 84' lang='lat' dir='ltr'><strong>teria</strong></span> <span class='ocrx_word' id='word_1_25' title='bbox 408 567 532 651; x_wconf 89' lang='lat' dir='ltr'><strong>licita,</strong></span> <span class='ocrx_word' id='word_1_26' title='bbox 556 571 596 643; x_wconf 90' lang='lat' dir='ltr'><strong>in</strong></span> <span class='ocrx_word' id='word_1_27' title='bbox 616 568 782 644; x_wconf 81' lang='lat' dir='ltr'><strong>Ecclesia</strong></span> <span class='ocrx_word' id='word_1_28' title='bbox 799 571 929 644; x_wconf 87' lang='lat' dir='ltr'><strong>Latina</strong></span> <span class='ocrx_word' id='word_1_29' title='bbox 981 571 1058 642; x_wconf 84' lang='lat' dir='ltr'><strong>anis</strong></span> <span class='ocrx_word' id='word_1_30' title='bbox 1080 566 1188 641; x_wconf 89' lang='lat' dir='ltr'><strong>debet</strong></span> <span class='ocrx_word' id='word_1_31' title='bbox 1204 592 1276 639; x_wconf 86' lang='lat' dir='ltr'><strong>esse</strong></span> <span class='ocrx_word' id='word_1_32' title='bbox 1293 590 1360 662; x_wconf 82' lang='lat' dir='ltr'><strong>azy·</strong></span> <span class='ocrx_word' id='word_1_33' title='bbox 1435 576 1436 649; x_wconf 61' lang='grc' dir='ltr'><strong>ᾗ</strong></span> 
     </span>
     <span class='ocr_line' id='line_1_5' title="bbox 297 599 1436 767; baseline -0.003 -30"><span class='ocrx_word' id='word_1_34' title='bbox 297 688 404 755; x_wconf 87' lang='lat' dir='ltr'><strong>mua,</strong></span> <span class='ocrx_word' id='word_1_35' title='bbox 424 668 463 740; x_wconf 88' lang='lat' dir='ltr'><strong>in</strong></span> <span class='ocrx_word' id='word_1_36' title='bbox 477 668 605 741; x_wconf 76' lang='lat' dir='ltr'><strong>Graeca</strong></span> <span class='ocrx_word' id='word_1_37' title='bbox 622 668 861 743; x_wconf 80' lang='lat' dir='ltr'><strong>fermentatus</strong></span> <span class='ocrx_word' id='word_1_38' title='bbox 879 669 920 767; x_wconf 91' lang='lat' dir='ltr'><strong>(l.</strong></span> <span class='ocrx_word' id='word_1_39' title='bbox 944 599 977 741; x_wconf 70' lang='lat' dir='ltr'><strong>li</strong></span> <span class='ocrx_word' id='word_1_40' title='bbox 987 695 1023 742; x_wconf 89' lang='lat' dir='ltr'><strong>n.</strong></span> <span class='ocrx_word' id='word_1_41' title='bbox 1048 668 1114 765; x_wconf 85' lang='lat'><strong>198</strong></span> <span class='ocrx_word' id='word_1_42' title='bbox 1132 665 1178 738; x_wconf 90' lang='lat' dir='ltr'><strong>ad</strong></span> <span class='ocrx_word' id='word_1_43' title='bbox 1194 665 1289 758; x_wconf 62' lang='lat'><strong>205.)</strong></span> <span class='ocrx_word' id='word_1_44' title='bbox 1304 661 1362 735; x_wconf 77' lang='lat' dir='ltr'><strong>tlte</strong></span> <span class='ocrx_word' id='word_1_45' title='bbox 1435 700 1436 725; x_wconf 80' lang='lat'>1</span> 
     </span>
     <span class='ocr_line' id='line_1_6' title="bbox 293 759 1436 876; baseline -0.002 -43"><span class='ocrx_word' id='word_1_46' title='bbox 293 767 640 839; x_wconf 67' lang='lat' dir='ltr'><strong>autem&#39;notandum</strong></span> <span class='ocrx_word' id='word_1_47' title='bbox 660 795 672 840; x_wconf 89' lang='lat'>1</span> <span class='ocrx_word' id='word_1_48' title='bbox 691 768 794 868; x_wconf 90' lang='lat' dir='ltr'><strong>quod</strong></span> <span class='ocrx_word' id='word_1_49' title='bbox 805 768 836 840; x_wconf 91' lang='lat' dir='ltr'><strong>si</strong></span> <span class='ocrx_word' id='word_1_50' title='bbox 847 767 996 876; x_wconf 82' lang='lat' dir='ltr'><strong>Graecup</strong></span> <span class='ocrx_word' id='word_1_51' title='bbox 1011 766 1142 838; x_wconf 81' lang='lat' dir='ltr'><strong>transit</strong></span> <span class='ocrx_word' id='word_1_52' title='bbox 1155 789 1220 865; x_wconf 88' lang='lat' dir='ltr'><strong>per</strong></span> <span class='ocrx_word' id='word_1_53' title='bbox 1234 761 1307 836; x_wconf 90' lang='lat' dir='ltr'><strong>loca</strong></span> <span class='ocrx_word' id='word_1_54' title='bbox 1319 759 1362 831; x_wconf 89' lang='lat' dir='ltr'><strong>la·</strong></span> <span class='ocrx_word' id='word_1_55' title='bbox 1435 778 1436 805; x_wconf 64' lang='lat'>¹</span> 
     </span>
    </p>

    <p class='ocr_par' dir='ltr' id='par_1_3' title="bbox 290 854 1363 967">
     <span class='ocr_line' id='line_1_7' title="bbox 290 854 1363 967; baseline -0.004 -34"><span class='ocrx_word' id='word_1_56' title='bbox 290 862 458 937; x_wconf 72' lang='lat' dir='ltr'><strong>&#39;tinorum</strong></span> <span class='ocrx_word' id='word_1_57' title='bbox 474 866 490 961; x_wconf 93' lang='lat'>(</span> <span class='ocrx_word' id='word_1_58' title='bbox 505 879 542 938; x_wconf 89' lang='lat' dir='ltr'><strong>et</strong></span> <span class='ocrx_word' id='word_1_59' title='bbox 560 866 590 938; x_wconf 89' lang='lat' dir='ltr'><strong>ai</strong></span> <span class='ocrx_word' id='word_1_60' title='bbox 607 866 745 939; x_wconf 80' lang='lat' dir='ltr'><strong>latinus</strong></span> <span class='ocrx_word' id='word_1_61' title='bbox 762 892 829 967; x_wconf 88' lang='lat' dir='ltr'><strong>per</strong></span> <span class='ocrx_word' id='word_1_62' title='bbox 846 867 1025 940; x_wconf 75' lang='lat' dir='ltr'>Graeciam</span> <span class='ocrx_word' id='word_1_63' title='bbox 1041 866 1056 958; x_wconf 89' lang='grc'>)</span> <span class='ocrx_word' id='word_1_64' title='bbox 1071 864 1138 937; x_wconf 88' lang='lat' dir='ltr'><strong>ubi</strong></span> <span class='ocrx_word' id='word_1_65' title='bbox 1157 889 1230 934; x_wconf 89' lang='lat' dir='ltr'><strong>non</strong></span> <span class='ocrx_word' id='word_1_66' title='bbox 1247 861 1288 932; x_wconf 88' lang='lat' dir='ltr'><strong>sit</strong></span> <span class='ocrx_word' id='word_1_67' title='bbox 1300 854 1363 930; x_wconf 85' lang='lat' dir='ltr'><strong>Ec·</strong></span> 
     </span>
    </p>

    <p class='ocr_par' dir='ltr' id='par_1_4' title="bbox 261 958 1364 1063">
     <span class='ocr_line' id='line_1_8' title="bbox 261 958 1364 1063; baseline -0.015 -20"><span class='ocrx_word' id='word_1_68' title='bbox 261 1035 264 1043; x_wconf 93' lang='lat'>.</span> <span class='ocrx_word' id='word_1_69' title='bbox 295 958 426 1050; x_wconf 84' lang='lat' dir='ltr'><strong>clesia,</strong></span> <span class='ocrx_word' id='word_1_70' title='bbox 447 964 486 1036; x_wconf 90' lang='lat' dir='ltr'><strong>in</strong></span> <span class='ocrx_word' id='word_1_71' title='bbox 510 990 583 1063; x_wconf 85' lang='lat' dir='ltr'><strong>qua</strong></span> <span class='ocrx_word' id='word_1_72' title='bbox 606 964 698 1038; x_wconf 84' lang='lat' dir='ltr'><strong>ritus</strong></span> <span class='ocrx_word' id='word_1_73' title='bbox 718 965 871 1040; x_wconf 80' lang='lat' dir='ltr'><strong>Graecua</strong></span> <span class='ocrx_word' id='word_1_74' title='bbox 894 978 1079 1050; x_wconf 77' lang='lat' dir='ltr'><strong>servetur,</strong></span> <span class='ocrx_word' id='word_1_75' title='bbox 1099 962 1212 1059; x_wconf 81' lang='lat' dir='ltr'><strong>possit</strong></span> <span class='ocrx_word' id='word_1_76' title='bbox 1231 984 1292 1056; x_wconf 89' lang='lat' dir='ltr'><strong>pro</strong></span> <span class='ocrx_word' id='word_1_77' title='bbox 1308 978 1364 1029; x_wconf 87' lang='lat' dir='ltr'><strong>suo·</strong></span> 
     </span>
    </p>

    <p class='ocr_par' dir='ltr' id='par_1_5' title="bbox 290 1055 1365 1161">
     <span class='ocr_line' id='line_1_9' title="bbox 290 1055 1365 1161; baseline -0.004 -31"><span class='ocrx_word' id='word_1_78' title='bbox 290 1057 470 1151; x_wconf 83' lang='lat' dir='ltr'><strong>arbitrio,</strong></span> <span class='ocrx_word' id='word_1_79' title='bbox 499 1063 539 1134; x_wconf 91' lang='lat' dir='ltr'><strong>in</strong></span> <span class='ocrx_word' id='word_1_80' title='bbox 565 1088 690 1161; x_wconf 82' lang='lat' dir='ltr'><strong>azymo</strong></span> <span class='ocrx_word' id='word_1_81' title='bbox 714 1079 753 1137; x_wconf 90' lang='lat' dir='ltr'><strong>et</strong></span> <span class='ocrx_word' id='word_1_82' title='bbox 781 1065 819 1136; x_wconf 90' lang='lat' dir='ltr'><strong>in</strong></span> <span class='ocrx_word' id='word_1_83' title='bbox 847 1063 1067 1138; x_wconf 82' lang='lat' dir='ltr'><strong>fermentato</strong></span> <span class='ocrx_word' id='word_1_84' title='bbox 1095 1059 1299 1141; x_wconf 84' lang='lat' dir='ltr'><strong>celebrare,</strong></span> <span class='ocrx_word' id='word_1_85' title='bbox 1323 1055 1365 1127; x_wconf 88' lang='lat' dir='ltr'><strong>itl</strong></span> 
     </span>
    </p>

    <p class='ocr_par' dir='ltr' id='par_1_6' title="bbox 292 1155 1367 1259">
     <span class='ocr_line' id='line_1_10' title="bbox 292 1155 1367 1259; baseline -0.006 -30"><span class='ocrx_word' id='word_1_86' title='bbox 292 1162 542 1233; x_wconf 82' lang='lat' dir='ltr'><strong>communiter</strong></span> <span class='ocrx_word' id='word_1_87' title='bbox 557 1161 638 1235; x_wconf 87' lang='lat' dir='ltr'><strong>DD.</strong></span> <span class='ocrx_word' id='word_1_88' title='bbox 658 1166 729 1259; x_wconf 89' lang='lat' dir='ltr'><strong>(n.</strong></span> <span class='ocrx_word' id='word_1_89' title='bbox 755 1160 838 1238; x_wconf 80' lang='lat'><strong>203.</strong></span> <span class='ocrx_word' id='word_1_90' title='bbox 858 1159 1108 1257; x_wconf 77' lang='lat' dir='ltr'><strong>&gt;Notandum</strong></span> <span class='ocrx_word' id='word_1_91' title='bbox 1128 1185 1150 1232; x_wconf 79' lang='lat' dir='ltr'><strong>a</strong></span> <span class='ocrx_word' id='word_1_92' title='bbox 1172 1155 1367 1256; x_wconf 83' lang='lat' dir='ltr'><strong>quadran·</strong></span> 
     </span>
    </p>

    <p class='ocr_par' dir='ltr' id='par_1_7' title="bbox 276 1254 1367 1353">
     <span class='ocr_line' id='line_1_11' title="bbox 276 1254 1367 1353; baseline -0.006 -26"><span class='ocrx_word' id='word_1_93' title='bbox 276 1280 436 1353; x_wconf 41' lang='lat' dir='ltr'><strong>,aecrare</strong></span> <span class='ocrx_word' id='word_1_94' title='bbox 451 1257 608 1331; x_wconf 84' lang='lat' dir='ltr'><strong>hostiam</strong></span> <span class='ocrx_word' id='word_1_95' title='bbox 631 1258 784 1333; x_wconf 86' lang='lat' dir='ltr'><strong>fractam</strong></span> <span class='ocrx_word' id='word_1_96' title='bbox 802 1315 811 1346; x_wconf 84' lang='lat'><strong>,</strong></span> <span class='ocrx_word' id='word_1_97' title='bbox 832 1259 893 1334; x_wconf 71' lang='lat' dir='ltr'><strong>‘vel</strong></span> <span class='ocrx_word' id='word_1_98' title='bbox 911 1260 1135 1333; x_wconf 87' lang='lat' dir='ltr'><strong>maculatam</strong></span> <span class='ocrx_word' id='word_1_99' title='bbox 1154 1254 1229 1329; x_wconf 84' lang='lat' dir='ltr'><strong>non</strong></span> <span class='ocrx_word' id='word_1_100' title='bbox 1247 1254 1367 1340; x_wconf 61' lang='lat' dir='ltr'><strong>liceat,</strong></span> 
     </span>
    </p>

    <p class='ocr_par' dir='ltr' id='par_1_8' title="bbox 286 1345 1368 1450">
     <span class='ocr_line' id='line_1_12' title="bbox 286 1345 1368 1450; baseline -0.008 -23"><span class='ocrx_word' id='word_1_101' title='bbox 286 1353 359 1427; x_wconf 81' lang='lat' dir='ltr'><strong>sed</strong></span> <span class='ocrx_word' id='word_1_102' title='bbox 375 1382 451 1428; x_wconf 88' lang='lat' dir='ltr'><strong>non</strong></span> <span class='ocrx_word' id='word_1_103' title='bbox 466 1361 514 1429; x_wconf 87' lang='lat' dir='ltr'><strong>sit</strong></span> <span class='ocrx_word' id='word_1_104' title='bbox 526 1357 694 1450; x_wconf 84' lang='lat' dir='ltr'><strong>mortale,</strong></span> <span class='ocrx_word' id='word_1_105' title='bbox 710 1359 781 1432; x_wconf 84' lang='lat' dir='ltr'><strong>nisi</strong></span> <span class='ocrx_word' id='word_1_106' title='bbox 798 1357 955 1449; x_wconf 83' lang='lat' dir='ltr'><strong>fractura</strong></span> <span class='ocrx_word' id='word_1_107' title='bbox 968 1355 1025 1430; x_wconf 85' lang='lat' dir='ltr'><strong>vel</strong></span> <span class='ocrx_word' id='word_1_108' title='bbox 1043 1355 1190 1433; x_wconf 89' lang='lat' dir='ltr'><strong>macula</strong></span> <span class='ocrx_word' id='word_1_109' title='bbox 1204 1367 1293 1426; x_wconf 87' lang='lat' dir='ltr'><strong>esset</strong></span> <span class='ocrx_word' id='word_1_110' title='bbox 1306 1345 1368 1420; x_wconf 81' lang='lat' dir='ltr'><strong>val·</strong></span> 
     </span>
    </p>

    <p class='ocr_par' dir='ltr' id='par_1_9' title="bbox 272 1446 1367 1556">
     <span class='ocr_line' id='line_1_13' title="bbox 272 1446 1367 1556; baseline -0.004 -32"><span class='ocrx_word' id='word_1_111' title='bbox 272 1451 341 1537; x_wconf 70' lang='lat' dir='ltr'><strong>,de</strong></span> <span class='ocrx_word' id='word_1_112' title='bbox 361 1456 546 1538; x_wconf 83' lang='lat' dir='ltr'><strong>enormia,</strong></span> <span class='ocrx_word' id='word_1_113' title='bbox 564 1473 606 1528; x_wconf 90' lang='lat' dir='ltr'><strong>ut</strong></span> <span class='ocrx_word' id='word_1_114' title='bbox 623 1455 754 1531; x_wconf 91' lang='lat' dir='ltr'><strong>dicunt</strong></span> <span class='ocrx_word' id='word_1_115' title='bbox 765 1459 915 1548; x_wconf 84' lang='lat' dir='ltr'><strong>Quarti,</strong></span> <span class='ocrx_word' id='word_1_116' title='bbox 931 1454 1102 1556; x_wconf 87' lang='lat' dir='ltr'><strong>Pasqual.</strong></span> <span class='ocrx_word' id='word_1_117' title='bbox 1118 1470 1186 1527; x_wconf 89' lang='lat' dir='ltr'><strong>etc.</strong></span> <span class='ocrx_word' id='word_1_118' title='bbox 1206 1453 1257 1524; x_wconf 87' lang='lat' dir='ltr'><strong>La</strong></span> <span class='ocrx_word' id='word_1_119' title='bbox 1274 1446 1367 1523; x_wconf 74' lang='lat' dir='ltr'><strong>coir</strong></span> 
     </span>
    </p>

    <p class='ocr_par' dir='ltr' id='par_1_10' title="bbox 291 1547 1366 1654">
     <span class='ocr_line' id='line_1_14' title="bbox 291 1547 1366 1654; baseline -0.007 -31"><span class='ocrx_word' id='word_1_120' title='bbox 291 1550 396 1624; x_wconf 88' lang='lat' dir='ltr'><strong>addit</strong></span> <span class='ocrx_word' id='word_1_121' title='bbox 418 1579 505 1625; x_wconf 87' lang='lat' dir='ltr'><strong>cum</strong></span> <span class='ocrx_word' id='word_1_122' title='bbox 522 1551 689 1645; x_wconf 87' lang='lat' dir='ltr'><strong>Gobato,</strong></span> <span class='ocrx_word' id='word_1_123' title='bbox 717 1554 820 1654; x_wconf 88' lang='lat' dir='ltr'><strong>quod</strong></span> <span class='ocrx_word' id='word_1_124' title='bbox 848 1558 879 1628; x_wconf 85' lang='lat' dir='ltr'><strong>ai</strong></span> <span class='ocrx_word' id='word_1_125' title='bbox 903 1552 1063 1629; x_wconf 76' lang='lat' dir='ltr'><strong>fractura</strong></span> <span class='ocrx_word' id='word_1_126' title='bbox 1083 1547 1366 1652; x_wconf 74' lang='lat' dir='ltr'><strong>deprehendatur</strong></span> 
     </span>
    </p>

    <p class='ocr_par' dir='ltr' id='par_1_11' title="bbox 286 1650 1367 1748">
     <span class='ocr_line' id='line_1_15' title="bbox 286 1650 1367 1748; baseline -0.002 -27"><span class='ocrx_word' id='word_1_127' title='bbox 286 1665 376 1748; x_wconf 90' lang='lat' dir='ltr'><strong>post</strong></span> <span class='ocrx_word' id='word_1_128' title='bbox 395 1650 646 1743; x_wconf 87' lang='lat' dir='ltr'><strong>oblationem,</strong></span> <span class='ocrx_word' id='word_1_129' title='bbox 669 1653 753 1727; x_wconf 88' lang='lat' dir='ltr'><strong>talis</strong></span> <span class='ocrx_word' id='word_1_130' title='bbox 776 1654 892 1728; x_wconf 85' lang='lat' dir='ltr'><strong>hostia</strong></span> <span class='ocrx_word' id='word_1_131' title='bbox 915 1652 1018 1728; x_wconf 73' lang='lat' dir='ltr'><strong>licite</strong></span> <span class='ocrx_word' id='word_1_132' title='bbox 1040 1667 1275 1726; x_wconf 85' lang='lat' dir='ltr'><strong>consecretur</strong></span> <span class='ocrx_word' id='word_1_133' title='bbox 1291 1701 1302 1735; x_wconf 96' lang='lat'><strong>,</strong></span> <span class='ocrx_word' id='word_1_134' title='bbox 1317 1668 1367 1715; x_wconf 84' lang='lat' dir='ltr'><strong>se·</strong></span> 
     </span>
    </p>

    <p class='ocr_par' dir='ltr' id='par_1_12' title="bbox 234 1737 1367 1852">
     <span class='ocr_line' id='line_1_16' title="bbox 234 1737 1367 1852; baseline 0.001 -32"><span class='ocrx_word' id='word_1_135' title='bbox 234 1836 236 1839; x_wconf 15' lang='grc' dir='ltr'>Ι</span> <span class='ocrx_word' id='word_1_136' title='bbox 290 1744 396 1821; x_wconf 86' lang='lat' dir='ltr'><strong>cluso</strong></span> <span class='ocrx_word' id='word_1_137' title='bbox 416 1748 593 1823; x_wconf 86' lang='lat' dir='ltr'><strong>scandalo</strong></span> <span class='ocrx_word' id='word_1_138' title='bbox 611 1751 742 1852; x_wconf 92' lang='lat' dir='ltr'><strong>populi</strong></span> <span class='ocrx_word' id='word_1_139' title='bbox 766 1754 781 1851; x_wconf 93' lang='lat'>(</span> <span class='ocrx_word' id='word_1_140' title='bbox 803 1778 841 1825; x_wconf 85' lang='lat' dir='ltr'><strong>n.</strong></span> <span class='ocrx_word' id='word_1_141' title='bbox 866 1754 949 1846; x_wconf 70' lang='lat' dir='ltr'><strong>aad.</strong></span> <span class='ocrx_word' id='word_1_142' title='bbox 968 1754 983 1849; x_wconf 88' lang='lat'>)</span> <span class='ocrx_word' id='word_1_143' title='bbox 1005 1749 1260 1843; x_wconf 70' lang='lat' dir='ltr'><strong>Notandumd</strong></span> <span class='ocrx_word' id='word_1_144' title='bbox 1280 1737 1367 1844; x_wconf 80' lang='lat' dir='ltr'><strong>quod</strong></span> 
     </span>
    </p>

    <p class='ocr_par' dir='ltr' id='par_1_13' title="bbox 289 1842 1368 1951">
     <span class='ocr_line' id='line_1_17' title="bbox 289 1842 1368 1951; baseline -0.006 -33"><span class='ocrx_word' id='word_1_145' title='bbox 289 1844 410 1920; x_wconf 85' lang='lat' dir='ltr'><strong>hostia</strong></span> <span class='ocrx_word' id='word_1_146' title='bbox 424 1847 555 1923; x_wconf 91' lang='lat' dir='ltr'><strong>debeat</strong></span> <span class='ocrx_word' id='word_1_147' title='bbox 565 1876 645 1924; x_wconf 82' lang='lat' dir='ltr'><strong>esee</strong></span> <span class='ocrx_word' id='word_1_148' title='bbox 661 1846 786 1951; x_wconf 85' lang='lat' dir='ltr'><strong>ligurae</strong></span> <span class='ocrx_word' id='word_1_149' title='bbox 801 1850 1018 1927; x_wconf 85' lang='lat' dir='ltr'><strong>orbicularis</strong></span> <span class='ocrx_word' id='word_1_150' title='bbox 1032 1906 1043 1935; x_wconf 91' lang='lat'><strong>,</strong></span> <span class='ocrx_word' id='word_1_151' title='bbox 1055 1867 1092 1924; x_wconf 90' lang='lat' dir='ltr'><strong>et</strong></span> <span class='ocrx_word' id='word_1_152' title='bbox 1104 1853 1225 1944; x_wconf 74' lang='lat' dir='ltr'><strong>major</strong></span> <span class='ocrx_word' id='word_1_153' title='bbox 1241 1870 1303 1945; x_wconf 88' lang='lat' dir='ltr'><strong>pro</strong></span> <span class='ocrx_word' id='word_1_154' title='bbox 1317 1842 1368 1913; x_wconf 89' lang='lat' dir='ltr'><strong>Sa·</strong></span> 
     </span>
    </p>

    <p class='ocr_par' dir='ltr' id='par_1_14' title="bbox 269 1941 1365 2049">
     <span class='ocr_line' id='line_1_18' title="bbox 269 1941 1365 2049; baseline -0.005 -33"><span class='ocrx_word' id='word_1_155' title='bbox 269 1946 463 2043; x_wconf 30' lang='lat' dir='ltr'><strong>,cerdorffi</strong></span> <span class='ocrx_word' id='word_1_156' title='bbox 488 1950 518 2020; x_wconf 91' lang='lat' dir='ltr'><strong>si</strong></span> <span class='ocrx_word' id='word_1_157' title='bbox 544 1947 633 2025; x_wconf 74' lang='lat' dir='ltr'><strong>verb</strong></span> <span class='ocrx_word' id='word_1_158' title='bbox 654 1955 774 2049; x_wconf 81' lang='lat' dir='ltr'><strong>major</strong></span> <span class='ocrx_word' id='word_1_159' title='bbox 796 1949 918 2034; x_wconf 86' lang='lat' dir='ltr'><strong>desit;</strong></span> <span class='ocrx_word' id='word_1_160' title='bbox 942 1949 984 2024; x_wconf 76' lang='lat' dir='ltr'><strong>tn</strong></span> <span class='ocrx_word' id='word_1_161' title='bbox 1007 1949 1138 2022; x_wconf 85' lang='lat' dir='ltr'><strong>dicunt</strong></span> <span class='ocrx_word' id='word_1_162' title='bbox 1155 1941 1365 2042; x_wconf 84' lang='lat' dir='ltr'><strong>Roncaglia,</strong></span> 
     </span>
    </p>

    <p class='ocr_par' dir='ltr' id='par_1_15' title="bbox 266 2045 1367 2147">
     <span class='ocr_line' id='line_1_19' title="bbox 266 2045 1367 2147; baseline -0.003 -32"><span class='ocrx_word' id='word_1_163' title='bbox 266 2134 271 2141; x_wconf 91' lang='lat'><em>.</em></span> <span class='ocrx_word' id='word_1_164' title='bbox 288 2045 441 2142; x_wconf 89' lang='lat' dir='ltr'><strong>Quarti,</strong></span> <span class='ocrx_word' id='word_1_165' title='bbox 466 2045 604 2134; x_wconf 80' lang='lat' dir='ltr'><strong>Elbel,</strong></span> <span class='ocrx_word' id='word_1_166' title='bbox 626 2048 757 2129; x_wconf 80' lang='lat' dir='ltr'><strong>Cobet.</strong></span> <span class='ocrx_word' id='word_1_167' title='bbox 783 2063 820 2120; x_wconf 89' lang='lat' dir='ltr'><strong>et</strong></span> <span class='ocrx_word' id='word_1_168' title='bbox 838 2046 973 2122; x_wconf 82' lang='lat' dir='ltr'><strong>Tamb.</strong></span> <span class='ocrx_word' id='word_1_169' title='bbox 1003 2046 1246 2147; x_wconf 84' lang='lat' dir='ltr'>probabiliter</span> <span class='ocrx_word' id='word_1_170' title='bbox 1261 2052 1367 2142; x_wconf 87' lang='lat' dir='ltr'><strong>potest</strong></span> 
     </span>
    </p>

    <p class='ocr_par' dir='ltr' id='par_1_16' title="bbox 287 2142 1367 2236">
     <span class='ocr_line' id='line_1_20' title="bbox 287 2142 1367 2236; baseline -0.006 -22"><span class='ocrx_word' id='word_1_171' title='bbox 287 2142 490 2229; x_wconf 79' lang='lat' dir='ltr'><strong>Sacerdos,</strong></span> <span class='ocrx_word' id='word_1_172' title='bbox 515 2147 625 2219; x_wconf 71' lang='lat' dir='ltr'><strong>etiam</strong></span> <span class='ocrx_word' id='word_1_173' title='bbox 646 2150 756 2219; x_wconf 71' lang='lat' dir='ltr'><strong>causa</strong></span> <span class='ocrx_word' id='word_1_174' title='bbox 773 2146 997 2236; x_wconf 80' lang='lat' dir='ltr'><strong>devotionis,</strong></span> <span class='ocrx_word' id='word_1_175' title='bbox 1022 2168 1240 2219; x_wconf 85' lang='lat' dir='ltr'><strong>consecrare</strong></span> <span class='ocrx_word' id='word_1_176' title='bbox 1259 2142 1367 2211; x_wconf 88' lang='lat' dir='ltr'><strong>mino·</strong></span> 
     </span>
    </p>

    <p class='ocr_par' dir='ltr' id='par_1_17' title="bbox 266 2231 1370 2346">
     <span class='ocr_line' id='line_1_21' title="bbox 266 2231 1370 2346; baseline -0.007 -32"><span class='ocrx_word' id='word_1_177' title='bbox 266 2332 269 2341; x_wconf 16' lang='lat'><strong><em>¹</em></strong></span> <span class='ocrx_word' id='word_1_178' title='bbox 287 2265 390 2331; x_wconf 67' lang='lat' dir='ltr'><strong>rem,</strong></span> <span class='ocrx_word' id='word_1_179' title='bbox 404 2242 545 2338; x_wconf 73' lang='lat' dir='ltr'><strong>mode(</strong></span> <span class='ocrx_word' id='word_1_180' title='bbox 561 2244 783 2339; x_wconf 82' lang='lat' dir='ltr'><strong>advertunt)</strong></span> <span class='ocrx_word' id='word_1_181' title='bbox 800 2244 894 2317; x_wconf 88' lang='lat' dir='ltr'><strong>absit</strong></span> <span class='ocrx_word' id='word_1_182' title='bbox 911 2243 1041 2346; x_wconf 90' lang='lat' dir='ltr'><strong>populi</strong></span> <span class='ocrx_word' id='word_1_183' title='bbox 1055 2242 1277 2319; x_wconf 87' lang='lat' dir='ltr'><strong>scandalum</strong></span> <span class='ocrx_word' id='word_1_184' title='bbox 1291 2261 1301 2329; x_wconf 79' lang='lat'><em>3</em></span> <span class='ocrx_word' id='word_1_185' title='bbox 1314 2231 1370 2308; x_wconf 86' lang='lat' dir='ltr'><strong>aed</strong></span> 
     </span>
    </p>

    <p class='ocr_par' dir='ltr' id='par_1_18' title="bbox 258 2334 1369 2444">
     <span class='ocr_line' id='line_1_22' title="bbox 258 2334 1369 2444; baseline -0.005 -34"><span class='ocrx_word' id='word_1_186' title='bbox 258 2428 263 2440; x_wconf 26' lang='grc' dir='ltr'>ι</span> <span class='ocrx_word' id='word_1_187' title='bbox 286 2338 451 2422; x_wconf 84' lang='lat' dir='ltr'><strong>addunt,</strong></span> <span class='ocrx_word' id='word_1_188' title='bbox 470 2342 572 2442; x_wconf 89' lang='lat' dir='ltr'><strong>quod</strong></span> <span class='ocrx_word' id='word_1_189' title='bbox 591 2339 664 2416; x_wconf 87' lang='lat' dir='ltr'><strong>hoc</strong></span> <span class='ocrx_word' id='word_1_190' title='bbox 681 2342 902 2416; x_wconf 88' lang='lat' dir='ltr'><strong>scandalum</strong></span> <span class='ocrx_word' id='word_1_191' title='bbox 923 2341 1031 2417; x_wconf 73' lang='lat' dir='ltr'><strong>facile</strong></span> <span class='ocrx_word' id='word_1_192' title='bbox 1049 2341 1250 2444; x_wconf 80' lang='lat' dir='ltr'><strong>praecaveri</strong></span> <span class='ocrx_word' id='word_1_193' title='bbox 1270 2334 1369 2436; x_wconf 79' lang='lat' dir='ltr'><strong>possit</strong></span> 
     </span>
    </p>

    <p class='ocr_par' dir='ltr' id='par_1_19' title="bbox 287 2429 1369 2541">
     <span class='ocr_line' id='line_1_23' title="bbox 287 2429 1369 2541; baseline -0.005 -29"><span class='ocrx_word' id='word_1_194' title='bbox 287 2440 478 2513; x_wconf 87' lang='lat' dir='ltr'><strong>monendo</strong></span> <span class='ocrx_word' id='word_1_195' title='bbox 493 2441 675 2541; x_wconf 89' lang='lat' dir='ltr'><strong>populum</strong></span> <span class='ocrx_word' id='word_1_196' title='bbox 692 2441 739 2516; x_wconf 89' lang='lat' dir='ltr'><strong>de</strong></span> <span class='ocrx_word' id='word_1_197' title='bbox 752 2441 897 2516; x_wconf 87' lang='lat' dir='ltr'><strong>defectu</strong></span> <span class='ocrx_word' id='word_1_198' title='bbox 909 2442 1038 2516; x_wconf 86' lang='lat' dir='ltr'><strong>hostiae</strong></span> <span class='ocrx_word' id='word_1_199' title='bbox 1050 2442 1268 2540; x_wconf 74' lang='lat' dir='ltr'><strong>majoris(n.</strong></span> <span class='ocrx_word' id='word_1_200' title='bbox 1283 2429 1369 2527; x_wconf 83' lang='lat'><strong>205.)</strong></span> 
     </span>
    </p>

    <p class='ocr_par' dir='ltr' id='par_1_20' title="bbox 336 2534 1368 2639">
     <span class='ocr_line' id='line_1_24' title="bbox 336 2534 1368 2639; baseline -0.007 -28"><span class='ocrx_word' id='word_1_201' title='bbox 336 2540 477 2612; x_wconf 82' lang='lat' dir='ltr'><strong>Vinum</strong></span> <span class='ocrx_word' id='word_1_202' title='bbox 487 2558 614 2614; x_wconf 87' lang='lat' dir='ltr'><strong>autem</strong></span> <span class='ocrx_word' id='word_1_203' title='bbox 631 2538 743 2614; x_wconf 88' lang='lat' dir='ltr'><strong>debet</strong></span> <span class='ocrx_word' id='word_1_204' title='bbox 754 2567 832 2615; x_wconf 88' lang='lat' dir='ltr'><strong>ease</strong></span> <span class='ocrx_word' id='word_1_205' title='bbox 850 2567 894 2615; x_wconf 86' lang='lat' dir='ltr'><strong>ex</strong></span> <span class='ocrx_word' id='word_1_206' title='bbox 913 2541 990 2613; x_wconf 82' lang='lat' dir='ltr'><strong>uvis</strong></span> <span class='ocrx_word' id='word_1_207' title='bbox 1007 2566 1222 2639; x_wconf 84' lang='lat' dir='ltr'><strong>expressum</strong></span> <span class='ocrx_word' id='word_1_208' title='bbox 1241 2564 1249 2623; x_wconf 76' lang='lat'>3</span> <span class='ocrx_word' id='word_1_209' title='bbox 1266 2534 1321 2607; x_wconf 88' lang='lat' dir='ltr'><strong>cui</strong></span> <span class='ocrx_word' id='word_1_210' title='bbox 1333 2554 1368 2604; x_wconf 86' lang='lat' dir='ltr'><strong>ex</strong></span> 
     </span>
    </p>

    <p class='ocr_par' dir='ltr' id='par_1_21' title="bbox 287 2627 1369 2738">
     <span class='ocr_line' id='line_1_25' title="bbox 287 2627 1369 2738; baseline -0.007 -29"><span class='ocrx_word' id='word_1_211' title='bbox 287 2642 386 2736; x_wconf 86' lang='lat' dir='ltr'><strong>gravi</strong></span> <span class='ocrx_word' id='word_1_212' title='bbox 401 2653 581 2738; x_wconf 89' lang='lat' dir='ltr'><strong>praecepto</strong></span> <span class='ocrx_word' id='word_1_213' title='bbox 594 2639 773 2714; x_wconf 83' lang='lat' dir='ltr'><strong>Ecclesiae</strong></span> <span class='ocrx_word' id='word_1_214' title='bbox 789 2640 1042 2738; x_wconf 81' lang='lat' dir='ltr'><strong>modicaeque</strong></span> <span class='ocrx_word' id='word_1_215' title='bbox 1060 2656 1113 2713; x_wconf 86' lang='lat' dir='ltr'><strong>est</strong></span> <span class='ocrx_word' id='word_1_216' title='bbox 1128 2641 1172 2710; x_wconf 88' lang='lat' dir='ltr'><strong>in</strong></span> <span class='ocrx_word' id='word_1_217' title='bbox 1189 2635 1303 2711; x_wconf 91' lang='lat' dir='ltr'><strong>calice</strong></span> <span class='ocrx_word' id='word_1_218' title='bbox 1317 2627 1369 2703; x_wconf 89' lang='lat' dir='ltr'><strong>ad·</strong></span> 
     </span>
    </p>

    <p class='ocr_par' dir='ltr' id='par_1_22' title="bbox 194 2734 1367 2838">
     <span class='ocr_line' id='line_1_26' title="bbox 194 2734 1367 2838; baseline -0.009 -28"><span class='ocrx_word' id='word_1_219' title='bbox 194 2822 197 2827; x_wconf 11' lang='grc' dir='ltr'><strong>Α</strong></span> <span class='ocrx_word' id='word_1_220' title='bbox 282 2737 507 2834; x_wconf 85' lang='lat' dir='ltr'><strong>miscenda(</strong></span> <span class='ocrx_word' id='word_1_221' title='bbox 531 2737 578 2810; x_wconf 88' lang='lat' dir='ltr'><strong>ad</strong></span> <span class='ocrx_word' id='word_1_222' title='bbox 602 2734 882 2838; x_wconf 86' lang='lat' dir='ltr'><strong>significandam</strong></span> <span class='ocrx_word' id='word_1_223' title='bbox 908 2738 1086 2811; x_wconf 89' lang='lat' dir='ltr'><strong>unionem</strong></span> <span class='ocrx_word' id='word_1_224' title='bbox 1104 2736 1274 2810; x_wconf 87' lang='lat' dir='ltr'><strong>fidelium</strong></span> <span class='ocrx_word' id='word_1_225' title='bbox 1293 2752 1367 2803; x_wconf 88' lang='lat' dir='ltr'><strong>cum</strong></span> 
     </span>
    </p>

    <p class='ocr_par' dir='ltr' id='par_1_23' title="bbox 280 2832 1367 2936">
     <span class='ocr_line' id='line_1_27' title="bbox 280 2832 1367 2936; baseline -0.006 -27"><span class='ocrx_word' id='word_1_226' title='bbox 280 2836 461 2933; x_wconf 83' lang='lat' dir='ltr'><strong>Christo),</strong></span> <span class='ocrx_word' id='word_1_227' title='bbox 475 2862 559 2936; x_wconf 88' lang='lat' dir='ltr'><strong>quae</strong></span> <span class='ocrx_word' id='word_1_228' title='bbox 572 2835 706 2910; x_wconf 74' lang='lat' dir='ltr'><strong>saltem</strong></span> <span class='ocrx_word' id='word_1_229' title='bbox 721 2863 797 2909; x_wconf 91' lang='lat' dir='ltr'><strong>non</strong></span> <span class='ocrx_word' id='word_1_230' title='bbox 813 2834 964 2910; x_wconf 76' lang='lat' dir='ltr'><strong>excedat</strong></span> <span class='ocrx_word' id='word_1_231' title='bbox 976 2832 1367 2933; x_wconf 52' lang='lat' dir='ltr'><strong>tertiamrini&#39;partem,</strong></span> 
     </span>
    </p>

    <p class='ocr_par' dir='ltr' id='par_1_24' title="bbox 220 2934 1367 3035">
     <span class='ocr_line' id='line_1_28' title="bbox 220 2934 1367 3035; baseline -0.006 -29"><span class='ocrx_word' id='word_1_232' title='bbox 220 3008 226 3015; x_wconf 74' lang='grc'><strong><em>,</em></strong></span> <span class='ocrx_word' id='word_1_233' title='bbox 285 2936 450 3032; x_wconf 74' lang='lat' dir='ltr'><strong>quamvis</strong></span> <span class='ocrx_word' id='word_1_234' title='bbox 467 2934 565 3008; x_wconf 88' lang='lat' dir='ltr'><strong>hanc</strong></span> <span class='ocrx_word' id='word_1_235' title='bbox 586 2937 800 3035; x_wconf 86' lang='lat' dir='ltr'><strong>opinionem</strong></span> <span class='ocrx_word' id='word_1_236' title='bbox 826 2934 941 3033; x_wconf 84' lang='lat' dir='ltr'><strong>aliqui</strong></span> <span class='ocrx_word' id='word_1_237' title='bbox 961 2935 1040 3012; x_wconf 86' lang='lat' dir='ltr'><strong>DD.</strong></span> <span class='ocrx_word' id='word_1_238' title='bbox 1063 2962 1138 3008; x_wconf 89' lang='lat' dir='ltr'><strong>non</strong></span> <span class='ocrx_word' id='word_1_239' title='bbox 1158 2934 1367 3016; x_wconf 74' lang='lat' dir='ltr'><strong>admittant,</strong></span> 
     </span>
    </p>

    <p class='ocr_par' dir='ltr' id='par_1_25' title="bbox 220 3031 1369 3132">
     <span class='ocr_line' id='line_1_29' title="bbox 220 3031 1369 3132; baseline -0.007 -26"><span class='ocrx_word' id='word_1_240' title='bbox 220 3040 225 3055; x_wconf 85' lang='lat'>‘</span> <span class='ocrx_word' id='word_1_241' title='bbox 281 3034 356 3106; x_wconf 78' lang='lat' dir='ltr'><strong>nisi</strong></span> <span class='ocrx_word' id='word_1_242' title='bbox 388 3035 514 3106; x_wconf 77' lang='lat' dir='ltr'><strong>vinum</strong></span> <span class='ocrx_word' id='word_1_243' title='bbox 546 3035 593 3107; x_wconf 85' lang='lat' dir='ltr'><strong>sit</strong></span> <span class='ocrx_word' id='word_1_244' title='bbox 623 3058 854 3132; x_wconf 74' lang='lat' dir='ltr'><strong>generosum.</strong></span> <span class='ocrx_word' id='word_1_245' title='bbox 881 3034 1024 3109; x_wconf 87' lang='lat' dir='ltr'><strong>Sufficit</strong></span> <span class='ocrx_word' id='word_1_246' title='bbox 1055 3033 1144 3107; x_wconf 71' lang='lat' dir='ltr'><strong>veri&gt;</strong></span> <span class='ocrx_word' id='word_1_247' title='bbox 1179 3031 1369 3105; x_wconf 82' lang='lat' dir='ltr'><strong>admiscere</strong></span> 
     </span>
    </p>

    <p class='ocr_par' dir='ltr' id='par_1_26' title="bbox 283 3126 1367 3231">
     <span class='ocr_line' id='line_1_30' title="bbox 283 3126 1367 3231; baseline -0.009 -27"><span class='ocrx_word' id='word_1_248' title='bbox 283 3158 397 3205; x_wconf 85' lang='lat' dir='ltr'><strong>unam</strong></span> <span class='ocrx_word' id='word_1_249' title='bbox 418 3158 522 3231; x_wconf 83' lang='lat' dir='ltr'><strong>aqnae</strong></span> <span class='ocrx_word' id='word_1_250' title='bbox 536 3146 679 3231; x_wconf 83' lang='lat' dir='ltr'><strong>guttam</strong></span> <span class='ocrx_word' id='word_1_251' title='bbox 695 3134 711 3230; x_wconf 86' lang='lat'>(</span> <span class='ocrx_word' id='word_1_252' title='bbox 730 3159 768 3206; x_wconf 91' lang='lat' dir='ltr'><strong>n.</strong></span> <span class='ocrx_word' id='word_1_253' title='bbox 784 3137 854 3209; x_wconf 87' lang='lat'><strong>208</strong></span> <span class='ocrx_word' id='word_1_254' title='bbox 869 3147 906 3205; x_wconf 89' lang='lat' dir='ltr'><strong>et</strong></span> <span class='ocrx_word' id='word_1_255' title='bbox 923 3159 1005 3205; x_wconf 87' lang='lat'>210.</span> <span class='ocrx_word' id='word_1_256' title='bbox 1023 3139 1037 3228; x_wconf 89' lang='lat'>)</span> <span class='ocrx_word' id='word_1_257' title='bbox 1052 3132 1138 3207; x_wconf 89' lang='lat' dir='ltr'><strong>Non</strong></span> <span class='ocrx_word' id='word_1_258' title='bbox 1156 3147 1214 3205; x_wconf 87' lang='lat' dir='ltr'><strong>est</strong></span> <span class='ocrx_word' id='word_1_259' title='bbox 1230 3126 1367 3203; x_wconf 89' lang='lat' dir='ltr'><strong>materia</strong></span> 
     </span>
    </p>

    <p class='ocr_par' dir='ltr' id='par_1_27' title="bbox 256 3224 1368 3344">
     <span class='ocr_line' id='line_1_31' title="bbox 256 3224 1368 3344; baseline -0.006 -42"><span class='ocrx_word' id='word_1_260' title='bbox 256 3276 262 3286; x_wconf 45' lang='grc' dir='ltr'><em>ι</em></span> <span class='ocrx_word' id='word_1_261' title='bbox 280 3246 369 3344; x_wconf 84' lang='lat' dir='ltr'><strong>apta</strong></span> <span class='ocrx_word' id='word_1_262' title='bbox 386 3233 515 3305; x_wconf 81' lang='lat' dir='ltr'><strong>vinnm</strong></span> <span class='ocrx_word' id='word_1_263' title='bbox 532 3258 575 3305; x_wconf 87' lang='lat' dir='ltr'><strong>ex</strong></span> <span class='ocrx_word' id='word_1_264' title='bbox 595 3245 760 3328; x_wconf 82' lang='lat' dir='ltr'><strong>agresta,</strong></span> <span class='ocrx_word' id='word_1_265' title='bbox 782 3255 850 3304; x_wconf 90' lang='lat' dir='ltr'><strong>nec</strong></span> <span class='ocrx_word' id='word_1_266' title='bbox 872 3244 1039 3323; x_wconf 81' lang='lat' dir='ltr'><strong>acetum,</strong></span> <span class='ocrx_word' id='word_1_267' title='bbox 1058 3256 1127 3306; x_wconf 90' lang='lat' dir='ltr'><strong>nee</strong></span> <span class='ocrx_word' id='word_1_268' title='bbox 1144 3254 1239 3330; x_wconf 71' lang='lat' dir='ltr'><strong>rapa</strong></span> <span class='ocrx_word' id='word_1_269' title='bbox 1256 3224 1368 3318; x_wconf 86' lang='lat' dir='ltr'><strong>(idest</strong></span> 
     </span>
    </p>

    <p class='ocr_par' dir='ltr' id='par_1_28' title="bbox 256 3328 1368 3431">
     <span class='ocr_line' id='line_1_32' title="bbox 256 3328 1368 3431; baseline -0.003 -34"><span class='ocrx_word' id='word_1_270' title='bbox 256 3368 258 3371; x_wconf 33' lang='lat' dir='ltr'>v</span> <span class='ocrx_word' id='word_1_271' title='bbox 282 3354 410 3402; x_wconf 80' lang='lat' dir='ltr'><strong>vinum</strong></span> <span class='ocrx_word' id='word_1_272' title='bbox 433 3335 539 3427; x_wconf 79' lang='lat' dir='ltr'><strong>cujus</strong></span> <span class='ocrx_word' id='word_1_273' title='bbox 565 3331 616 3401; x_wconf 89' lang='lat' dir='ltr'><strong>vis</strong></span> <span class='ocrx_word' id='word_1_274' title='bbox 633 3329 935 3431; x_wconf 65' lang='lat' dir='ltr'><strong>evanuerit)1pec</strong></span> <span class='ocrx_word' id='word_1_275' title='bbox 956 3331 1033 3403; x_wconf 89' lang='lat' dir='ltr'><strong>lora</strong></span> <span class='ocrx_word' id='word_1_276' title='bbox 1052 3383 1063 3416; x_wconf 95' lang='lat'><strong>,</strong></span> <span class='ocrx_word' id='word_1_277' title='bbox 1080 3328 1194 3428; x_wconf 82' lang='lat' dir='ltr'><strong>vulgo</strong></span> <span class='ocrx_word' id='word_1_278' title='bbox 1215 3338 1368 3426; x_wconf 75' lang='lat' dir='ltr'><strong>ecquale.</strong></span> 
     </span>
    </p>

    <p class='ocr_par' dir='ltr' id='par_1_29' title="bbox 282 3426 1366 3529">
     <span class='ocr_line' id='line_1_33' title="bbox 282 3426 1366 3529; baseline -0.007 -30"><span class='ocrx_word' id='word_1_279' title='bbox 282 3426 426 3501; x_wconf 87' lang='lat' dir='ltr'><strong>Vinum</strong></span> <span class='ocrx_word' id='word_1_280' title='bbox 439 3442 561 3507; x_wconf 84' lang='lat' dir='ltr'><strong>autem</strong></span> <span class='ocrx_word' id='word_1_281' title='bbox 581 3454 668 3501; x_wconf 89' lang='lat' dir='ltr'><strong>cum</strong></span> <span class='ocrx_word' id='word_1_282' title='bbox 685 3428 757 3502; x_wconf 83' lang='lat' dir='ltr'><strong>alia</strong></span> <span class='ocrx_word' id='word_1_283' title='bbox 773 3427 945 3529; x_wconf 85' lang='lat' dir='ltr'><strong>liquore,</strong></span> <span class='ocrx_word' id='word_1_284' title='bbox 965 3428 1033 3502; x_wconf 90' lang='lat' dir='ltr'><strong>etsi</strong></span> <span class='ocrx_word' id='word_1_285' title='bbox 1050 3427 1201 3501; x_wconf 89' lang='lat' dir='ltr'><strong>modico</strong></span> <span class='ocrx_word' id='word_1_286' title='bbox 1225 3428 1366 3497; x_wconf 83' lang='lat' dir='ltr'><strong>mixtum</strong></span> 
     </span>
    </p>

    <p class='ocr_par' dir='ltr' id='par_1_30' title="bbox 254 3525 1401 3726">
     <span class='ocr_line' id='line_1_34' title="bbox 254 3525 1367 3628; baseline -0.003 -31"><span class='ocrx_word' id='word_1_287' title='bbox 254 3592 256 3597; x_wconf 89' lang='lat'><em>.</em></span> <span class='ocrx_word' id='word_1_288' title='bbox 280 3527 339 3599; x_wconf 77' lang='lat' dir='ltr'><strong>vel</strong></span> <span class='ocrx_word' id='word_1_289' title='bbox 357 3540 519 3601; x_wconf 88' lang='lat' dir='ltr'><strong>mustum</strong></span> <span class='ocrx_word' id='word_1_290' title='bbox 538 3526 584 3598; x_wconf 91' lang='lat' dir='ltr'><strong>de</strong></span> <span class='ocrx_word' id='word_1_291' title='bbox 602 3527 679 3598; x_wconf 83' lang='lat' dir='ltr'><strong>uvis</strong></span> <span class='ocrx_word' id='word_1_292' title='bbox 693 3542 784 3601; x_wconf 88' lang='lat' dir='ltr'><strong>tunc</strong></span> <span class='ocrx_word' id='word_1_293' title='bbox 801 3552 1038 3628; x_wconf 85' lang='lat' dir='ltr'><strong>expressum,</strong></span> <span class='ocrx_word' id='word_1_294' title='bbox 1054 3528 1109 3599; x_wconf 85' lang='lat' dir='ltr'><strong>est</strong></span> <span class='ocrx_word' id='word_1_295' title='bbox 1124 3525 1279 3623; x_wconf 89' lang='lat' dir='ltr'><strong>quidem</strong></span> <span class='ocrx_word' id='word_1_296' title='bbox 1298 3544 1367 3594; x_wconf 81' lang='lat' dir='ltr'><strong>ma·</strong></span> 
     </span>
     <span class='ocr_line' id='line_1_35' title="bbox 280 3615 1401 3726; baseline -0.008 -30"><span class='ocrx_word' id='word_1_297' title='bbox 280 3627 371 3699; x_wconf 88' lang='lat' dir='ltr'><strong>teria</strong></span> <span class='ocrx_word' id='word_1_298' title='bbox 388 3639 475 3726; x_wconf 80' lang='lat' dir='ltr'><strong>apta</strong></span> <span class='ocrx_word' id='word_1_299' title='bbox 495 3624 542 3697; x_wconf 91' lang='lat' dir='ltr'><strong>ad</strong></span> <span class='ocrx_word' id='word_1_300' title='bbox 561 3627 866 3710; x_wconf 80' lang='lat' dir='ltr'><strong>Sacramentum,</strong></span> <span class='ocrx_word' id='word_1_301' title='bbox 890 3625 956 3697; x_wconf 87' lang='lat' dir='ltr'><strong>sed</strong></span> <span class='ocrx_word' id='word_1_302' title='bbox 978 3625 1133 3723; x_wconf 85' lang='lat' dir='ltr'><strong>graviter</strong></span> <span class='ocrx_word' id='word_1_303' title='bbox 1155 3621 1314 3710; x_wconf 89' lang='lat' dir='ltr'><strong>illicita,</strong></span> <span class='ocrx_word' id='word_1_304' title='bbox 1333 3615 1367 3689; x_wconf 78' lang='lat' dir='ltr'><strong>lat</strong></span> <span class='ocrx_word' id='word_1_305' title='bbox 1400 3671 1401 3674; x_wconf 63' lang='lat'><strong>,</strong></span> 
     </span>
    </p>

    <p class='ocr_par' dir='ltr' id='par_1_31' title="bbox 165 3711 1367 3819">
     <span class='ocr_line' id='line_1_36' title="bbox 165 3711 1367 3819; baseline -0.007 -25"><span class='ocrx_word' id='word_1_306' title='bbox 165 3725 167 3727; x_wconf 60' lang='grc'><strong><em>’</em></strong></span> <span class='ocrx_word' id='word_1_307' title='bbox 279 3721 418 3797; x_wconf 86' lang='lat' dir='ltr'><strong>dicitur</strong></span> <span class='ocrx_word' id='word_1_308' title='bbox 435 3726 474 3796; x_wconf 91' lang='lat' dir='ltr'><strong>in</strong></span> <span class='ocrx_word' id='word_1_309' title='bbox 492 3721 673 3813; x_wconf 80' lang='lat' dir='ltr'><strong>Rubrica3</strong></span> <span class='ocrx_word' id='word_1_310' title='bbox 691 3723 755 3795; x_wconf 91' lang='lat' dir='ltr'><strong>ubi</strong></span> <span class='ocrx_word' id='word_1_311' title='bbox 772 3723 872 3796; x_wconf 89' lang='lat' dir='ltr'><strong>idem</strong></span> <span class='ocrx_word' id='word_1_312' title='bbox 888 3721 1066 3797; x_wconf 84' lang='lat' dir='ltr'><strong>doeemur</strong></span> <span class='ocrx_word' id='word_1_313' title='bbox 1080 3723 1127 3795; x_wconf 90' lang='lat' dir='ltr'><strong>de</strong></span> <span class='ocrx_word' id='word_1_314' title='bbox 1142 3718 1232 3794; x_wconf 83' lang='lat' dir='ltr'><strong>vino</strong></span> <span class='ocrx_word' id='word_1_315' title='bbox 1248 3777 1257 3811; x_wconf 91' lang='lat'><strong>,</strong></span> <span class='ocrx_word' id='word_1_316' title='bbox 1274 3711 1367 3819; x_wconf 85' lang='lat' dir='ltr'><strong>quod</strong></span> 
     </span>
    </p>

    <p class='ocr_par' dir='ltr' id='par_1_32' title="bbox 248 3818 1366 3919">
     <span class='ocr_line' id='line_1_37' title="bbox 248 3818 1366 3919; baseline -0.009 -25"><span class='ocrx_word' id='word_1_317' title='bbox 248 3896 252 3901; x_wconf 73' lang='grc'><strong><em>,</em></strong></span> <span class='ocrx_word' id='word_1_318' title='bbox 277 3823 418 3916; x_wconf 72' lang='lat' dir='ltr'><strong>cepen&#39;t</strong></span> <span class='ocrx_word' id='word_1_319' title='bbox 438 3845 618 3911; x_wconf 80' lang='lat' dir='ltr'><strong>acescere,</strong></span> <span class='ocrx_word' id='word_1_320' title='bbox 637 3823 693 3894; x_wconf 72' lang='lat' dir='ltr'><strong>val</strong></span> <span class='ocrx_word' id='word_1_321' title='bbox 712 3820 912 3917; x_wconf 74' lang='lat' dir='ltr'><strong>corrumpi,</strong></span> <span class='ocrx_word' id='word_1_322' title='bbox 933 3818 1366 3919; x_wconf 77' lang='lat' dir='ltr'><strong>aelfuerctolt&#39;quantuldm</strong></span> 
     </span>
    </p>

    <p class='ocr_par' dir='ltr' id='par_1_33' title="bbox 244 3918 1366 4016">
     <span class='ocr_line' id='line_1_38' title="bbox 244 3918 1366 4016; baseline -0.006 -28"><span class='ocrx_word' id='word_1_323' title='bbox 244 3946 373 4001; x_wconf 68' lang='lat' dir='ltr'><strong>,acra</strong></span> <span class='ocrx_word' id='word_1_324' title='bbox 399 3921 538 3993; x_wconf 88' lang='lat' dir='ltr'><strong>Dicunt</strong></span> <span class='ocrx_word' id='word_1_325' title='bbox 565 3934 689 3993; x_wconf 88' lang='lat' dir='ltr'><strong>tamen</strong></span> <span class='ocrx_word' id='word_1_326' title='bbox 716 3921 768 3992; x_wconf 88' lang='lat' dir='ltr'><strong>La</strong></span> <span class='ocrx_word' id='word_1_327' title='bbox 793 3919 933 4006; x_wconf 86' lang='lat' dir='ltr'><strong>Croix,</strong></span> <span class='ocrx_word' id='word_1_328' title='bbox 960 3918 1125 3993; x_wconf 87' lang='lat' dir='ltr'><strong>Gabatus</strong></span> <span class='ocrx_word' id='word_1_329' title='bbox 1141 3973 1155 4006; x_wconf 89' lang='lat'><strong>,.</strong></span> <span class='ocrx_word' id='word_1_330' title='bbox 1173 3933 1220 3990; x_wconf 53' lang='lat' dir='ltr'><strong>vet</strong></span> <span class='ocrx_word' id='word_1_331' title='bbox 1244 3918 1366 4016; x_wconf 87' lang='lat' dir='ltr'><strong>Sporer</strong></span> 
     </span>
    </p>

    <p class='ocr_par' dir='ltr' id='par_1_34' title="bbox 278 4008 1364 4117">
     <span class='ocr_line' id='line_1_39' title="bbox 278 4008 1364 4117; baseline -0.006 -31"><span class='ocrx_word' id='word_1_332' title='bbox 278 4020 351 4104; x_wconf 85' lang='lat' dir='ltr'><strong>(n.</strong></span> <span class='ocrx_word' id='word_1_333' title='bbox 371 4018 442 4113; x_wconf 78' lang='lat'><strong>206</strong></span> <span class='ocrx_word' id='word_1_334' title='bbox 461 4033 497 4089; x_wconf 88' lang='lat' dir='ltr'><strong>et</strong></span> <span class='ocrx_word' id='word_1_335' title='bbox 515 4043 583 4116; x_wconf 83' lang='lat'><strong>207</strong></span> <span class='ocrx_word' id='word_1_336' title='bbox 599 4020 613 4114; x_wconf 92' lang='lat'>)</span> <span class='ocrx_word' id='word_1_337' title='bbox 632 4017 734 4117; x_wconf 80' lang='lat' dir='ltr'><strong>quod</strong></span> <span class='ocrx_word' id='word_1_338' title='bbox 755 4018 952 4093; x_wconf 84' lang='lat' dir='ltr'><strong>deficiente</strong></span> <span class='ocrx_word' id='word_1_339' title='bbox 967 4017 1039 4090; x_wconf 88' lang='lat' dir='ltr'><strong>alio</strong></span> <span class='ocrx_word' id='word_1_340' title='bbox 1057 4018 1140 4091; x_wconf 84' lang='lat' dir='ltr'><strong>vino</strong></span> <span class='ocrx_word' id='word_1_341' title='bbox 1160 4072 1169 4099; x_wconf 90' lang='lat'><strong>,</strong></span> <span class='ocrx_word' id='word_1_342' title='bbox 1193 4016 1303 4089; x_wconf 87' lang='lat' dir='ltr'><strong>liceat</strong></span> <span class='ocrx_word' id='word_1_343' title='bbox 1320 4008 1364 4082; x_wconf 89' lang='lat' dir='ltr'><strong>uti</strong></span> 
     </span>
    </p>
   </div>
   <div class='ocr_carea' id='block_1_3' title="bbox 238 4112 1375 4223">
    <p class='ocr_par' dir='ltr' id='par_1_35' title="bbox 238 4112 1375 4223">
     <span class='ocr_line' id='line_1_40' title="bbox 238 4112 1375 4223; baseline -0.005 -32"><span class='ocrx_word' id='word_1_344' title='bbox 238 4198 242 4211; x_wconf 26' lang='grc' dir='ltr'>ι</span> <span class='ocrx_word' id='word_1_345' title='bbox 276 4112 365 4189; x_wconf 78' lang='lat' dir='ltr'><strong>vino</strong></span> <span class='ocrx_word' id='word_1_346' title='bbox 386 4114 531 4213; x_wconf 80' lang='lat' dir='ltr'><strong>tantlrm</strong></span> <span class='ocrx_word' id='word_1_347' title='bbox 551 4115 687 4223; x_wconf 74' lang='lat' dir='ltr'><strong>parlim</strong></span> <span class='ocrx_word' id='word_1_348' title='bbox 702 4134 923 4199; x_wconf 71' lang='lat' dir='ltr'><strong>acescentar</strong></span> <span class='ocrx_word' id='word_1_349' title='bbox 941 4118 993 4197; x_wconf 89' lang='lat' dir='ltr'><strong>ait</strong></span> <span class='ocrx_word' id='word_1_350' title='bbox 1009 4118 1109 4194; x_wconf 88' lang='lat' dir='ltr'><strong>enim</strong></span> <span class='ocrx_word' id='word_1_351' title='bbox 1133 4113 1246 4200; x_wconf 84' lang='lat' dir='ltr'><strong>Card.</strong></span> <span class='ocrx_word' id='word_1_352' title='bbox 1264 4115 1375 4200; x_wconf 58' lang='lat' dir='ltr'><strong>Lana·</strong></span> 
     </span>
    </p>
   </div>
   <div class='ocr_carea' id='block_1_4' title="bbox 508 4435 516 4498">
    <p class='ocr_par' dir='ltr' id='par_1_36' title="bbox 508 4435 516 4498">
     <span class='ocr_line' id='line_1_41' title="bbox 508 4435 516 4498; baseline 0 0"><span class='ocrx_word' id='word_1_353' title='bbox 508 4435 516 4498; x_wconf 75' lang='lat' dir='ltr'><strong>i</strong></span> 
     </span>
    </p>
   </div>
   <div class='ocr_carea' id='block_1_5' title="bbox 0 0 1476 4717">
    <p class='ocr_par' dir='ltr' id='par_1_37' title="bbox 0 0 1476 4717">
     <span class='ocr_line' id='line_1_42' title="bbox 0 0 1476 4717; baseline 0 5"><span class='ocrx_word' id='word_1_354' title='bbox 0 0 1476 4717; x_wconf 95' lang='lat' dir='ltr'><strong> </strong></span> 
     </span>
    </p>
   </div>
  </div>
 </body>
</html>
