2942 4717
625 387 929 449 turnonucrto.

214 474 467 594 ⁴Quoniam,
481 506 582 564 vcurn
599 476 880 564 Confessarius
899 476 1076 563 aliorum
1092 476 1319 565 Consciae*

231 599 305 681 tias
322 590 686 707 dirigeredebeat',
704 597 887 700 maxime
899 596 938 679 ei
950 591 1186 702 ⁴cavendum
1211 596 1316 695 erit,

232 742 285 799 ne
299 715 426 796 nimia
441 706 711 823 indulgentia,
728 735 799 796 aut
808 709 1087 795 immoderato
1103 712 1236 824 rigore
1252 742 1318 796 er·
1370 810 1372 813 ,

232 850 308 913 ret.
325 827 468 912 Debet
482 828 589 910 enim
606 849 668 912 tot
681 850 952 941 peccatorum
969 826 1109 910 ulcera
1126 849 1315 919 tractare,

234 943 335 1077 quin
351 973 392 1028 se
411 941 622 1055 deturpet:
639 974 738 1027 cum
750 942 1000 1026 Mulieribus
1016 966 1058 1025 et
1071 938 1320 1026 Adolescen-

232 1058 343 1142 ubus
362 1063 469 1170 saepe
501 1059 671 1172 uersari,
701 1085 851 1142 eorum
872 1054 1244 1166 Confessionesde
1271 1058 1319 1140 iis

232 1174 384 1266 rebus,
403 1172 455 1257 'de
477 1172 629 1290 quibus
643 1171 894 1287 magnopere
911 1161 1185 1272 erubeseunt,
1209 1173 1320 1257 exci-
1418 1223 1420 1226 ·

196 1357 200 1364 .
232 1285 524 1406 piend0,quin
537 1288 615 1373 sibi
628 1280 784 1407 aliquid
797 1288 938 1399 damni
951 1289 1134 1373 evenisse
1146 1289 1318 1372 sentiat:

231 1403 344 1517 Cum
368 1405 553 1519 personis
570 1406 798 1519 praeclaris,
823 1406 1002 1491 abscisso
1031 1404 1220 1488 omnium
1243 1403 1323 1487 hu-

231 1519 448 1608 manarum
464 1551 605 1606 rerum
620 1544 832 1636 respectu,
847 1547 994 1634 magna
1008 1517 1248 1605 fortitudine
1262 1549 1322 1603 ar·

230 1637 351 1722 mari.
380 1633 455 1735 Et,
484 1659 531 1719 ut
556 1637 696 1722 omnia
722 1639 848 1723 unico
877 1635 1008 1723 verbo
1039 1637 1323 1750 complectar,

233 1749 362 1837 debet
378 1782 465 1839 esse
493 1752 537 1836 in
565 1751 761 1839 charitate
782 1749 914 1865 dives,
936 1754 979 1836 in
1005 1748 1321 1836 mansuetudine

232 1862 481 1966 urellifluus,
512 1870 555 1951 in
580 1865 799 1983 prudentia
824 1867 966 1981 gravis.
990 1867 1086 1981 Qua
1106 1864 1159 1952 de
1184 1898 1255 1966 re,
1277 1887 1325 1950 ut

232 1982 300 2069 hae
315 2003 462 2089 omnes
475 2006 630 2097 partes,
647 2007 693 2068 ut
706 2014 780 2098 par
797 2007 878 2082 est,
892 1981 1216 2097 adimpleantur,
1235 2011 1324 2066 non

231 2097 390 2210 vulgari
405 2129 509 2211 opus
524 2121 585 2182 est
596 2099 801 2199 bonitate,
819 2125 944 2217 quam
961 2103 1073 2184 certe
1090 2128 1323 2216 numquam
1422 2109 1426 2116 '

234 2237 475 2331 assequetur¹
493 2215 581 2314 ille,
600 2216 666 2300 eui
682 2216 814 2300 oratio
830 2246 915 2298 non
935 2238 996 2299 est
1013 2213 1322 2328 perfamiliaris,

229 2361 312 2415 nec
328 2326 541 2415 meditatio
562 2355 623 2415 est
644 2328 906 2448 quotidiana3
923 2333 1077 2415 etenim
1098 2330 1174 2415 aliti
1188 2333 1253 2417 vit
1268 2328 1326 2411 lu·

230 2476 330 2544 cem
347 2469 414 2544 ,et
441 2448 585 2558 gratias
607 2446 704 2532 huie
732 2470 844 2531 tanto
872 2447 1037 2531 muneri
1056 2447 1202 2557 (etiam
1229 2445 1327 2558 ipsis

206 2658 208 2662 ¹
233 2560 441 2673 Angelicis
452 2560 650 2662 humeris,
664 2568 709 2646 tn
721 2560 805 2647 dici
817 2564 934 2662 solet,
947 2559 1237 2670 formidando)
1251 2590 1326 2644 ne-

233 2678 429 2761 cessarias
444 2676 633 2763 obtinere
648 2706 774 2762 nemo
790 2701 937 2791 potest.
954 2674 1043 2761 Sed
1055 2673 1324 2778 deveniamus
1370 2771 1376 2778 ,

236 2789 292 2876 'ad
318 2794 447 2876 nostri
471 2791 624 2878 laboris
650 2793 901 2892 institutum,
922 2795 1073 2905 nempe
1090 2788 1143 2876 ad
1163 2791 1324 2906 praxim

239 2905 528 2998 Confessiones
557 2906 808 3030 excipiendi,
840 2906 892 2994 de
915 2938 998 3025 qua
1024 2905 1238 2997 dumtaxat
1256 2905 1337 2991 hic
1377 2915 1379 2920 ’

232 3020 312 3107 'liet
342 3044 491 3109 sermo.
515 3024 565 3108 In
590 3024 668 3108 hac
692 3025 810 3138 praxi
834 3023 984 3111 multas
1008 3022 1205 3108 delibabo
1220 3020 1330 3135 doc·
1376 3107 1377 3112 Ν

239 3140 363 3223 trinas
379 3133 432 3223 ad
451 3139 670 3253 ipsammet
691 3159 941 3256 spectantes,
971 3137 1045 3228 sed
1070 3171 1121 3224 ne
1143 3161 1329 3252 repetam

241 3275 309 3353 ea,
335 3267 429 3372 quae
452 3257 494 3339 in
512 3255 655 3370 Opere
684 3255 833 3340 morali
856 3254 985 3341 fusius
1009 3254 1228 3368 descripsi,
1257 3253 1328 3338 hie

240 3375 401 3454 tantum
417 3372 512 3485 (per
528 3372 762 3486 interjectas
776 3370 931 3457 litteras
944 3368 1189 3481 indicantes)
1207 3391 1331 3453 anno·

229 3484 341 3569 nabo
361 3487 454 3571 loca
475 3486 649 3600 Operis,
672 3484 839 3605 adquae
865 3487 1068 3573 lectorem
1093 3488 1300 3571 remittam
1312 3531 1328 3584 ·,

242 3623 290 3684 ut
303 3602 510 3714 copiosius
521 3600 731 3689 ‘doctrinas
751 3603 1001 3703 rationibus,
1018 3626 1061 3689 et
1074 3600 1328 3690 authoritatis

242 3715 626 3826 husconfirmatas,
646 3721 857 3837 perlegat„
936 3793 940 3802 .
1168 3733 1170 3737 ’
