2942 4717
257 219 304 294 54
383 222 392 240 '
639 220 750 302 Praxis
764 219 969 289 Confeuaoii.
1002 271 1006 282 .,
1046 271 1053 280 ,

257 319 623 433 rum'praescindunt.
638 313 710 405 Hic
724 325 847 430 autem
862 333 1003 406 Auctor
1015 327 1265 432 Epistolaeme
1281 335 1348 423 im«,

258 447 454 534 properat,
476 432 579 536 quod
599 428 835 534 distinguere*
850 434 1011 504 nesciam
1033 432 1129 506 inter
1149 433 1356 526 terminum>

257 533 484 606 Abstructurir
511 548 545 602 et
571 527 791 606 Concreturn.
818 530 1051 616 Abstroctus,
1084 558 1144 607 me
1175 534 1350 623 iustruit,

258 630 325 705 ille
345 646 419 717 est,
439 630 505 732 qui
524 627 899 728 formamsiguilicat,
917 631 936 700 a
953 629 1122 727 subjecto
1142 632 1350 731 praecisam,

259 725 451 830 proirt‘est
478 724 746 827 pulchritudo,
771 725 935 813 albedo,
961 743 1029 801 etc.
1061 729 1249 802 Concretas
1268 727 1352 802 verb

246 830 442 925 significat
460 826 670 925 subjectum
695 854 784 900 com
812 825 926 899 forma
954 822 1221 927 conjunctum,
1240 825 1281 899 iat
1299 841 1355 902 est

259 926 373 1001 homo
391 925 574 1026 pulcher,
600 926 728 999 charta
756 925 864 1011 alba,
894 940 962 997 etc.
981 927 1079 999 Hinc
1097 927 1187 1000 dicit
1202 950 1353 1017 vocem,

259 1026 450 1115 Mortuus,
471 1010 926 1122 significare'bominem,
953 1026 1016 1123 qui
1045 1025 1136 1098 olim
1163 1025 1298 1099 Anima
1318 1039 1355 1100 et

260 1127 426 1223 Corpore
443 1122 659 1207 constabat,¹
672 1123 739 1196 sed
755 1123 1042 1221 nunc'importat
1058 1122 1203 1224 Corpus
1218 1139 1253 1196 et
1269 1124 1356 1196 Aui-

259 1248 363 1298 mam
383 1223 619 1321 disjunctam.
639 1223 688 1296 Et
706 1248 749 1294 ex
769 1223 840 1295 hoc
854 1221 1067 1308 concludit,
1087 1217 1189 1322 quod
1205 1220 1358 1294 Mortuis

260 1321 384 1421 aliqua
406 1321 567 1393 Persona
586 1321 836 1411 maledicens,
857 1346 933 1393 non
961 1320 1084 1393 sotum
1111 1346 1242 1394 eorum
1266 1318 1357 1393 Cor·

260 1420 416 1521 poribus
436 1418 501 1492 sed
523 1418 727 1511 Animabus
743 1422 855 1491 etiam
872 1418 1077 1492 maledicat.

312 1518 544 1618 Respondeo.
560 1519 638 1616 Ego
648 1545 724 1591 non
734 1518 835 1604 dico,
850 1517 951 1616 quod
966 1518 1120 1590 Mortuis
1132 1514 1356 1590 maledicens

262 1644 326 1691 eos
341 1616 550 1691 consideret
560 1620 755 1718 'tamqubm
770 1615 989 1705 abstractos,
1001 1616 1146 1691 scilicet
1167 1620 1359 1716 tamqutm

263 1715 401 1791 formas
426 1718 505 1790 siue
530 1716 697 1816 subjecto
718 1744 730 1787 t
751 1713 818 1788 sed
848 1714 954 1798 dico,
975 1714 1078 1815 quod
1099 1715 1360 1815 praescindat&

262 1811 541 1892 considerandis
559 1816 792 1889 Mortuorum
807 1811 1031 1899 Animabus,
1048 1840 1131 1915 quae
1151 1842 1252 1888 nunc
1265 1813 1359 1886 exis·

261 1929 361 1989 tunt.
385 1912 499 1988 Aliud
515 1929 568 1987 est
587 1914 821 2004 abstrahere,
840 1913 944 2014 quod
959 1928 1015 1985 est
1032 1910 1267 1994 considerare
1289 1910 1360 1982 ali·

266 2039 378 2113 quam
395 2013 550 2085 formam
564 2014 641 2086 siue
653 2011 845 2109 subiecto:
861 2011 965 2085 aliud
979 2011 1245 2111 praescindere,
1259 2007 1361 2110 quod

264 2127 322 2186 est
349 2111 581 2185 considerare
608 2111 800 2212 quoddam
833 2109 1062 2207 subjectum,
1089 2110 1286 2211 precisum
1315 2107 1361 2181 ab

264 2210 390 2311 aliqua
407 2210 680 2284 circumstantia
697 2225 760 2284 aut
772 2210 969 2308 qualitate,
984 2233 1067 2308 quae
1084 2210 1217 2310 respici
1231 2221 1361 2308 potest.

265 2312 417 2384 Certum
447 2323 521 2396 est,
536 2309 708 2383 homines
731 2312 804 2381 vita
829 2309 975 2382 functos
999 2332 1102 2379 nuuc
1120 2306 1271 2379 eosdem
1286 2330 1362 2382 non

262 2411 372 2491 esse,
400 2407 464 2506 qui
492 2407 647 2480 virendo
669 2408 831 2481 luerunt.
860 2407 972 2480 Tunc
1000 2419 1056 2495 tot
1074 2412 1181 2478 erant
1199 2428 1363 2503 personae

156 2575 160 2584 .
266 2505 402 2584 Anima
426 2521 462 2577 ct
483 2504 647 2605 Corpore
669 2506 881 2604 conjunctis
905 2505 1138 2604 compositae,
1156 2530 1261 2577 nunc
1280 2501 1364 2575 verb

266 2629 399 2679 eorum
410 2604 554 2676 rlnimae
569 2659 579 2690 ,
596 2619 633 2677 et
652 2604 816 2704 Corpora
833 2605 993 2700 existunt
1006 2603 1184 2703 quidem,
1202 2601 1269 2675 sed
1291 2602 1364 2673 dis·

268 2708 397 2804 juncta
421 2702 596 2776 existunt.
613 2704 866 2803 Quapropter,
884 2728 971 2777 cum
992 2703 1145 2773 Mortuis
1170 2700 1364 2773 maledici·

267 2815 353 2887 tur,
373 2827 449 2873 non
468 2800 552 2874 idei)
568 2801 775 2875 necessarii)
796 2804 962 2901 ipsorum
987 2799 1191 2874 Animabus
1206 2797 1365 2873 maledi-

266 2904 384 2990 citur,
408 2900 480 2972 nisi
500 2926 589 2975 cum
608 2899 685 2973 itlae
701 2899 911 2999 specialiter
930 2903 1209 3000 exprimuntur,
1227 2900 1282 2975 vel
1305 2899 1365 2971 in-

268 2999 504 3095 telliguntur.
1046 2997 1049 3006 ’
1333 3071 1339 3084 ,

320 3097 394 3174 Sed
419 3093 580 3197 denique
606 3095 760 3170 ductori
782 3096 959 3198 Epistulae
975 3095 1244 3178 concedamus.
1263 3093 1366 3195 quod

270 3198 351 3299 ipse
365 3223 552 3296 aggressus
572 3210 627 3268 est
644 3196 824 3270 sustinere
841 3252 851 3286 ,
871 3195 1068 3284 nimirirm',
1089 3194 1194 3295 quod
1212 3193 1366 3267 Mortuis

271 3295 497 3373 maledicere
511 3295 610 3367 idem
626 3294 693 3377 sit,
714 3297 826 3393 quam
842 3296 893 3369 eis
908 3293 1129 3393 maledicere
1148 3296 1235 3366 acsi
1253 3297 1370 3365 vireu·

269 3405 325 3471 tes
343 3408 475 3469 essent.
496 3396 654 3485 Quaero:
670 3394 771 3494 Ergb
793 3396 857 3495 qui
880 3394 1021 3467 homini
1051 3396 1132 3466 vivo
1152 3390 1367 3479 maledicit,

271 3489 474 3595 semperne
484 3490 671 3565 lethaliter
688 3509 818 3592 peccat
831 3495 848 3567 t
863 3497 1000 3567 Omnes
1023 3489 1102 3566 Do.
1117 3496 1242 3588 ajunt,
1255 3491 1367 3585 cuja*

271 3610 408 3678 tanus,
428 3592 559 3684 Sotus,
576 3589 714 3663 Molina
730 3650 740 3683 ,
758 3592 900 3676 Gradu,
916 3591 1068 3665 Azorius
1085 3647 1093 3674 ,
1111 3591 1237 3688 Lugo,
1256 3586 1367 3661 etalii

271 3699 359 3771 'cum
381 3688 734 3765 salmanticensibus
764 3692 810 3763 de
837 3692 1006 3764 Restitut.
1030 3715 1062 3761 e.
1082 3691 1104 3783 tl
1122 3715 1162 3759 n.
1177 3713 1226 3787 ,27
1245 3704 1281 3761 et
1296 3691 1367 3775 28,

272 3817 319 3869 ex
332 3794 380 3869 D:
396 3788 470 3864 Th.
495 3814 528 3860 2.
554 3814 575 3859 2
597 3809 679 3888 qur
696 3787 744 3887 76
762 3804 828 3863 art.
845 3792 891 3883 4,
913 3804 992 3862 tum
1009 3787 1310 3861 maledictionem
1328 3786 1368 3858 iu

270 3891 484 4006 Proximum
507 3901 700 3983 peccatum
724 3912 802 3962 esse
819 3888 996 3974 mortale,
1013 3914 1101 3960 cum
1118 3886 1195 3985 ipsa
1214 3900 1273 3957 est
1290 3887 1370 3960 liar-⁴.

272 3990 402 4078 malis,
429 3986 569 4059 scilicet
593 3988 659 4083 (ut
674 4012 717 4058 ex
747 3986 835 4060 licat
850 3987 1070 4080 Caietanus)
1089 4013 1174 4057 cum
1196 3984 1369 4080 proximo

165 4079 174 4093 ’
274 4094 424 4192 optatur
438 4085 617 4158 damnum
633 4142 641 4170 ‚
663 4099 700 4157 et
716 4014 892 4159 damnum
906 4113 1032 4186 grave,
1050 4081 1152 4182 quod
1163 4081 1370 4179 aliquisilli

272 4188 519 4294 imprecatum
536 4209 614 4263 non
625 4183 714 4264 verb
730 4210 819 4263 cum
833 4184 1046 4282 maledictio
1059 4177 1279 4308 esttautirm
1292 4205 1373 4269 ma«,
