2942 4717
319 196 387 297 294
509 297 511 301 Ι
645 207 790 277 Examen
806 203 1083 275 ordinandorum.
1428 230 1430 345 4

319 320 402 399 linn
415 318 454 401 in
469 317 647 411 articulo,
661 319 727 393 sed
745 320 852 393 etiim
870 319 908 390 in
926 316 1111 419 probabili
1126 311 1379 416 periculones

320 421 379 493 tis.
397 418 573 495 Censetur
590 432 712 497 antem
729 418 768 490 in
787 415 953 514 periculo
968 419 1096 490 mortis
1112 441 1210 501 esee,
1227 440 1300 489 non
1312 429 1378 486 tan·

318 515 426 603 tim,
446 518 511 617 qui
531 514 675 593 laborat
692 514 823 607 inorbo
840 513 1016 616 proxime,
1026 510 1229 612 periculoso
1245 514 1380 595 mortis,

318 615 385 689 sed
405 616 539 700 etiam,
559 616 624 714 qui
645 614 794 711 longam
815 614 1080 713 navigationem
1095 610 1298 712 aggreditur
1312 664 1320 698 ,
1334 608 1380 681 vei
1430 616 1431 637 ¹

316 711 478 800 mulier,
495 739 577 813 quae
594 715 699 789 estin
718 711 861 786 difficili
876 708 984 813 parto
1000 738 1011 800 ;
1027 713 1114 786 item
1134 712 1199 812 qni
1213 710 1314 785 estin
1327 733 1382 808 pe·
1430 738 1431 779 ;

315 811 439 887 riculo
456 811 647 886 incidendi
661 813 702 889 in
721 811 918 887 amentiam
931 834 942 901 3
954 811 1109 909 ‚insuper
1128 810 1196 909 qui
1214 824 1267 881 est
1284 807 1383 904 capti·

316 934 385 987 tus
406 909 507 1010 apud
524 909 692 985 infideles
708 930 718 994 ,“
736 934 863 984 carens
884 936 902 982 s
929 934 949 981 e
972 907 1174 997 libertatis,
1193 922 1229 981 et
1245 902 1384 980 habendi

316 1006 591 1092 confessarium
607 1006 868 1106 approbatum.
921 1007 1101 1081 otandnm
1115 1002 1170 1080 lV
1185 1005 1284 1110 qnod
1299 1004 1383 1076 infir·

316 1128 429 1195 ntus,
449 1109 513 1206 qui
531 1103 730 1182 absolvitur
746 1110 766 1180 ir
786 1105 950 1183 censuris
965 1107 1177 1189 reservatis,
1200 1099 1384 1176 monendus
1431 1158 1432 1161 ,

316 1205 366 1284 sit
379 1214 389 1289 ‚⁸
407 1204 507 1303 quod
523 1204 554 1277 si
569 1205 818 1291 convalescat,
836 1217 1003 1281 teneatur
1017 1256 1028 1292 ,
1044 1229 1083 1277 se
1098 1215 1313 1303 prasentare
1327 1199 1385 1271 Sn-

314 1303 471 1403 potiori,
484 1300 571 1381 aliis
584 1303 624 1381 in
637 1302 784 1378 easdem
797 1326 970 1376 censuras
985 1301 1185 1386 reincidet;
1200 1298 1303 1373 seoirs
1315 1293 1386 1370 veri

314 1399 564 1475 siabsolvitur
575 1399 720 1489 tantiam
736 1404 755 1475 i
771 1401 931 1503 peccatis
944 1400 1131 1475 reservatis
1145 1401 1226 1472 sine
1241 1421 1385 1471 censura.

314 1495 460 1579 Ultima
484 1497 716 1588 notandum,
747 1499 849 1599 qnod
878 1500 1038 1614 quisqrte
1064 1494 1267 1583 Sacerdos,
1294 1494 1332 1568 u't
1351 1496 1387 1566 sit
1432 1510 1433 1523 ¹

313 1593 474 1677 idoneus,
486 1596 526 1667 in
539 1597 753 1672 necessitate
767 1596 813 1670 ad
830 1597 1064 1694 excipiendas
1080 1595 1328 1675 Confession'es
1342 1592 1385 1662 in·

314 1694 534 1780 firmorum,
551 1693 682 1770 debeat
698 1721 775 1771 non
793 1696 961 1792 ignorare
973 1693 1105 1775 saltim
1121 1694 1303 1794 principia
1316 1691 1388 1765 uni·

313 1792 465 1872 versalia
483 1793 652 1869 scientia
672 1794 835 1872 Montis.

344 1954 346 1958 “
446 1938 480 2036 ἓ.
500 1937 564 2012 IV.
582 1942 639 2013 De
653 1940 800 2061 nsunere‘
815 1937 991 2030 docendi,
1006 1941 1045 2013 'et
1053 1937 1283 2038 predicandi,
1318 1961 1320 1965 ·

256 2130 304 2187 ,3,
363 2088 462 2165 Cum
477 2102 598 2161 autem
616 2056 822 2164 Sacerdotis
836 2088 944 2162 etiam
961 2089 1010 2162 sit
1025 2087 1158 2163 docere
1176 2084 1349 2186 populos,
1362 2076 1391 2138 ‘i

314 2185 520 2285 predicare
543 2184 813 2285 Evangelinnr,
840 2212 960 2286 operae
987 2188 1147 2287 pretium
1175 2199 1231 2259 est
1258 2184 1314 2259 hic
1336 2179 1390 2252 dt·

312 2283 609 2367 nemausense
627 2338 636 2370 ,
655 2306 739 2456 ἕνα
753 2283 919 2360 docenda
934 2286 1010 2359 sint
1026 2340 1034 2370 ,
1052 2299 1088 2358 et
1104 2281 1390 2384 quomodolist·

313 2383 452 2479 galium
485 2382 654 2482 explicari
683 2410 760 2457 um.
788 2382 922 2478 Quoad
950 2384 1136 2481 primum.
1165 2381 1390 2467 docendum,

314 2496 475 2581 quatuor
500 2507 576 2559 esse
605 2484 809 2561 necessaria
828 2482 874 2555 ad
894 2479 1051 2555 salutern
1069 2540 1078 2568 ,
1099 2477 1238 2582 nempe
1269 2477 1391 2560 fidem,

312 2606 330 2652 s
361 2606 419 2654 em
437 2637 446 2666 ,
466 2579 706 2664 charitatem,
726 2595 837 2679 atquc
853 2579 951 2653 bona
966 2596 1095 2678 opera.
1113 2580 1164 2653 Et
1190 2607 1204 2653 1
1228 2574 1390 2678 quiadis-

342 2705 399 2751 em
415 2734 425 2761 ,
442 2682 526 2777 quia
544 2678 641 2752 Deus
656 2678 787 2753 veritas
801 2677 1005 2753 infallibilis
1020 2677 1196 2753 revelavit
1212 2675 1392 2757 Ecclesia,

202 2860 204 2869 τ
311 2790 485 2857 tenemur
502 2774 674 2873 expliciti
689 2779 784 2851 scire
804 2794 841 2850 et
857 2777 1008 2852 credere
1023 2838 1030 2859 ,
1048 2777 1171 2851 Deum
1190 2776 1352 2861 existere,
1365 2782 1393 2842 et

312 2874 639 2951 Remuneratorem
666 2901 770 2962 esse,
802 2904 843 2952 ac
872 2878 1085 2975 Mysterinm
1108 2876 1169 2973 SS.
1194 2872 1391 2954 Trinitatis,

313 2979 425 3073 atque
444 2974 709 3047 incarnationis
725 2974 813 3048 Filii
832 2976 912 3051 Dei.
930 2975 1020 3048 Haec
1037 2974 1084 3048 de
1101 2974 1317 3048 necessitate
1332 2991 1391 3043 me·

313 3070 376 3147 dii.
409 3073 464 3145 De
489 3073 703 3149 necessitate
728 3087 851 3147 autem
881 3073 1054 3171 praecepti
1081 3075 1244 3173 quisque
1272 3082 1392 3144 tenetur

312 3170 423 3242 etiam
465 3170 558 3247 scire
594 3185 631 3244 et
668 3171 819 3245 credere
857 3174 1070 3246 Orationem
1108 3168 1391 3263 Dominicaiem,

311 3269 572 3353 salutationem
590 3271 806 3364 Angeiicanr
824 3326 834 3359 ,
851 3270 1187 3370 praeceptaDecalo
1214 3263 1392 3343 ietEccie·
1435 3294 1436 3379 ἐ

310 3367 374 3443 siae
395 3393 403 3449 ;
423 3365 509 3439 item
533 3368 791 3457 Sacramenta,
811 3371 1014 3466 praesertim
1034 3393 1074 3440 et
1095 3422 1105 3455 ,
1129 3296 1270 3467 quiirns
1288 3383 1390 3439 omnes
1435 3392 1436 3457 3

310 3464 504 3563 indigent,
520 3466 654 3565 nempe
667 3468 845 3566 Baptismi
861 3523 870 3558 ,
888 3467 1157 3557 Eucharistiae,
1174 3482 1214 3540 et
1229 3467 1388 3539 Poeniter·
1434 3460 1436 3541 i

310 3565 392 3653 tiae,
421 3579 458 3647 et
483 3563 580 3654 alia,
603 3565 734 3641 saitem
759 3565 850 3639 dum
874 3592 916 3638 ea
937 3565 1206 3665 suscipiuntur.
1230 3590 1266 3638 α,
1283 3552 1389 3654 Queat

309 3688 442 3762 spem,
467 3666 554 3763 quia
576 3664 674 3738 Deus
701 3666 936 3764 omnipotens
954 3665 1191 3750 ,misericors
1208 3718 1219 3747 ,
1240 3677 1278 3736 et
1293 3655 1389 3733 fidelis

311 3761 482 3860 promisit
504 3777 655 3861 propter
680 3764 811 3837 merita
836 3765 922 3838 iesu
945 3763 1105 3848 Christi,
1132 3776 1304 3837 tenemur
1320 3777 1388 3855 sps·

310 3881 392 3935 rare
414 3864 433 3933 a
458 3862 535 3934 Deo
560 3877 730 3935 aeternam
752 3860 1045 3948 beatitudinem,
1072 3877 1107 3934 et
1128 3859 1251 3932 media
1266 3857 1311 3930 sd
1327 3873 1387 3926 ean
1435 3910 1436 3935 ,

312 3958 612 4057 consequendam
629 4017 637 4044 ,
652 3962 797 4037 neniam
809 3960 989 4033 nimirirm
1003 3973 1241 4061 pcccatorum
1254 4013 1267 4044 ,
1282 3969 1315 4030 et
1328 3972 1388 4050 pso
1434 3962 1436 4035 ἶ

311 4058 553 4139 severantisun
568 4057 732 4151 finalsms
751 4060 787 4141 3.
804 4057 937 4157 Quisd
951 4060 1166 4138 charitatem
1183 4113 1194 4151 ,
1211 4056 1299 4159 quia
1310 4055 1388 4129 Det·
