2942 4717
399 196 481 285 §tlt
507 194 601 265 Circi
618 191 773 263 monn
787 196 951 265 Ductoris.
1169 199 1212 268 sd

141 323 226 383 statu
244 307 490 382 damnationis
515 334 593 382 esse
617 333 711 382 eum·
732 307 1025 395 confessarium,
1050 306 1116 407 qui
1135 308 1216 384 sini

138 408 326 483 sufficienti
358 408 510 486 scientia
537 406 583 480 ad
616 407 873 481 consessiones
909 406 1143 508 excipiendas
1176 429 1216 481 se

146 508 291 620 exponit.
313 507 411 580 Deus
435 506 515 602 ipae
534 504 593 579 bis
606 504 726 579 verbis
743 531 830 579 eum
847 504 1019 604 reprobat
1038 534 1048 576 ε
1072 506 1164 606 Quid
1179 521 1218 579 tu

140 606 309 677 serentium
329 604 510 703 repulisti,
532 606 694 699 repellam
709 621 744 676 te
756 662 767 692 ,
779 629 825 676 ne
838 603 1038 677 Sacerdotis
1044 601 1217 703 srrugan's

139 701 242 782 rarii(
257 702 341 776 Lib·
361 695 397 777 6.
411 728 448 775 o.
467 705 551 801 49¹·-
571 705 677 777 Ossae
693 729 726 777 c.
745 710 780 794 4.
793 729 824 774 v.
842 703 878 777 6;
891 706 919 796 ).
935 701 1012 776 Nec
1029 700 1218 776 excusabit

139 825 210 873 eum
224 802 406 900 Episcopi
425 800 668 900 approbatio,
686 801 716 874 si
732 799 923 874 manifesti
943 827 980 874 ee
1002 801 1144 873 noverit
1162 802 1218 874 in·

144 896 318 972 babilem:
342 899 558 1000 approbatio
594 902 696 974 enim
727 925 801 974 non
834 898 1001 990 infundit
1024 899 1219 974 scientiam

145 999 391 1082 amessariam,
409 997 475 1071 sed
488 1000 676 1098 supponit.
690 1000 785 1072 Dico
798 996 1016 1090 Manifesta),
1036 997 1138 1095 quod
1151 998 1220 1097 qui

140 1095 268 1169 tantiam
286 1094 494 1183 dubitaret,
510 1097 646 1198 possit,
670 1095 747 1170 imb
761 1095 894 1170 debeat
908 1097 1141 1196 acquiescere
1160 1097 1219 1169 sui

136 1193 333 1293 Superioris
353 1193 492 1295 judicio
509 1196 691 1286 confisus,
707 1196 738 1269 si
754 1193 883 1269 saltem
901 1193 1079 1269 seduliori
1093 1194 1218 1268 studio

135 1318 169 1364 se
190 1292 355 1367 habilem
382 1293 535 1380 reddere
562 1308 709 1391 satagat.
733 1296 782 1367 Aa
803 1291 939 1366 Nullus
965 1293 1220 1368 confessarius

130 1391 368 1467 intermittere
388 1391 498 1467 debet
517 1391 731 1491 Theologiae
749 1391 898 1466 moralis
923 1390 1089 1465 studium
1105 1448 1115 1479 ,
1130 1391 1219 1493 quia

132 1513 172 1561 er
187 1502 239 1563 tot
256 1490 369 1565 rebus
387 1495 464 1564 tim
484 1490 657 1579 diversis,
671 1506 707 1564 et
723 1481 871 1564 inter‘se
884 1489 1117 1590 disparibus,
1134 1514 1221 1592 quae

133 1586 290 1663 adhunc
305 1591 496 1663 scientiam
514 1590 724 1690 pertinent,
749 1589 879 1663 mutto
903 1592 1068 1688 quemvis
1087 1590 1219 1677 iectus,

125 1735 129 1742 ·
159 1687 213 1760 uia
243 1686 363 1761 raribs
395 1688 594 1779 accidunt,
623 1688 800 1788 temporis
829 1713 1021 1788 progressu
1047 1686 1070 1762 ὲ
1093 1702 1219 1762 mente

131 1712 310 1901 decidunt
328 1813 338 1872 ;
355 1813 428 1902 qus
448 1787 494 1860 de
512 1813 552 1860 re
564 1802 712 1887 oportet
728 1809 874 1889 semper
894 1785 1081 1888 frequenti
1093 1785 1219 1863 studio

130 1907 186 1959 eas
203 1911 244 1960 an
263 1910 482 1962 memoriam
503 1910 684 1961 reuocare.

313 2143 316 2150 Α
372 2085 487 2186 arv.
511 2084 613 2195 essu
634 2084 776 2162 rores
798 2086 973 2183 officum.

184 2303 238 2380 19.
265 2282 497 2360 Postremum
522 2283 743 2359 Confessarii
766 2284 943 2359 Officium
968 2294 1024 2358 est
1053 2278 1216 2380 judicis,
1298 2289 1299 2294 ’

133 2376 439 2481 etbocimportat,
454 2384 556 2484 quod
566 2382 780 2483 sicbtjudsx
790 2399 938 2457 tenetur
949 2379 1051 2483 pribs
1061 2379 1220 2452 rationes

125 2502 372 2576 cognoscere,
386 2480 475 2554 indi
490 2503 612 2557 cousae
628 2496 814 2555 momenta
825 2480 1026 2566 discutere,
1037 2493 1074 2551 et
1086 2473 1223 2551 deindb

132 2579 351 2652 sententiam
378 2581 561 2678 proferre,
589 2582 638 2655 itt
669 2579 923 2655 confessarius
954 2575 1056 2678 pribs
1091 2572 1224 2648 debeat

134 2678 302 2752 conscius
332 2680 412 2752 fieri
443 2681 656 2780 poenitentis
688 2677 953 2767 conscientie,
984 2683 1111 2776 postet
1143 2677 1224 2765 ejus

133 2770 410 2874 dispositionem
430 2777 636 2876 inspicere,
651 2791 689 2851 et
709 2776 983 2851 absolutionem
1008 2771 1224 2872 impertire,

133 2887 194 2945 aot
211 2899 355 2973 negare.
376 2877 427 2950 Et
442 2875 571 2977 qubad
589 2878 751 2975 primum
768 2899 929 2958 munus,
945 2870 1048 3045 pund
1067 2884 1123 2944 est
1137 2892 1226 2983 pep-

133 2988 209 3044 cata
227 2974 441 3072 poenitentis
461 2999 701 3075 cognoscere,
717 2974 884 3074 qubmris
900 2971 946 3047 de
973 2973 1068 3044 itum
1084 2991 1225 3042 examu-

135 3070 247 3147 nandi
257 3075 522 3148 conscientium
549 3075 596 3148 sit
621 3073 850 3171 precipuum
871 3070 1085 3173 poenitentis
1101 3123 1110 3152 ,
1125 3065 1224 3140 nihi·
1340 3099 1343 3106 =

133 3164 311 3256 luminis,
327 3172 513 3272 quidquid
531 3172 593 3247 alii
613 3173 789 3247 Ductores
807 3173 823 3270 (
844 3168 957 3269 Apud
979 3167 1129 3241 Lobner
1144 3165 1225 3238 ins·

135 3278 242 3344 truct.
261 3285 390 3367 pract..
426 3326 434 3344 .
454 3271 513 3346 33.
527 3276 542 3366 )
556 3270 742 3355 dixerint,
768 3297 842 3344 uon
867 3282 923 3342 est
947 3265 1224 3351 dubitandum,

136 3368 224 3464 quin
254 3369 283 3440 si
316 3297 567 3443 Coniessarius
596 3372 835 3468 cognoverit,
862 3368 1107 3468 poeuitentem
1142 3387 1221 3436 non

136 3467 215 3538 satis
235 3465 430 3563 diligenter
441 3468 707 3542 conscientiam
720 3494 828 3541 suam
845 3466 1079 3547 discussisse,
1100 3477 1224 3533 tenea·

136 3575 194 3636 tur
209 3564 288 3662 ipse
310 3591 395 3638 eum
418 3569 663 3665 interrogare,
685 3564 788 3666 pribs
808 3564 854 3639 de
872 3564 1033 3665 peccatis
1052 3616 1062 3649 ,
1080 3560 1118 3632 in
1137 3582 1223 3659 quas

134 3663 385 3740 verosimiliter
411 3664 576 3739 incidere
607 3680 772 3764 poterat,
803 3679 840 3737 et
869 3664 994 3763 posteb
1022 3657 1225 3732 decorum

135 3764 281 3859 specie,
308 3762 598 3854 etnumero,i1t
617 3761 795 3864 probatur
810 3789 854 3836 ex
874 3789 907 3845 c,
931 3760 1063 3836 Omnis
1089 3756 1225 3829 utrius·

138 3885 208 4032 qup5
233 3860 359 3949 sexies,
387 3861 433 3934 de
463 3864 596 3938 Poeuit.
622 3878 728 3937 etex
755 3863 815 3937 Rit
853 3861 958 3952 Rom.
987 3854 1117 3953 (Vide
1138 3853 1165 3928 l.
1183 3852 1220 3928 6.

137 3982 172 4034 n.
209 3987 229 4032 o
258 3963 330 4052 .).,
558 4007 566 4018 ·
1206 3981 1210 3990 ·

182 3983 252 4135 au.7
268 4060 317 4136 Et
333 4058 396 4137 hic
419 4059 537 4136 multa
554 4056 886 4154 animadvertenda
901 4067 1012 4132 sunt:
1032 4051 1062 4128 L
1089 4076 1224 4157 perpe*
1312 4065 1323 4092 ²
