2942 4717
27 2391 29 2424 l

395 235 416 325 §
430 233 491 305 IV.
507 232 602 303 Cireb
616 230 741 302 iudicis
755 229 918 302 Officium.
1160 238 1206 331 47

126 360 198 423 esto
210 346 325 446 gravi,
340 349 407 448 qui
424 347 526 447 ligna
543 345 734 438 incidunt,
755 362 819 419 aut
837 344 1039 445 pecora'arl
1053 363 1204 449 paetum

127 445 251 522 ducant
269 448 307 520 in
328 473 431 544 agros
448 447 749 535 communitatis,
767 444 857 519 licet
872 445 1105 546 prohibitum
1123 450 1171 522 sit
1189 473 1202 541 ;

130 548 200 645 qnia
215 546 301 619 tales
315 543 594 646 prohibitiones,
611 559 810 620 censentur
825 568 903 617 esse
926 545 1018 642 pure
1036 549 1203 644 poenales

126 645 239 741 (Num.
255 647 372 743 529et
389 642 509 739 ndu}
525 671 557 719 r.
570 670 604 716 2.
620 643 695 737 Qui
706 645 745 715 in
758 641 854 718 loco.
869 645 884 738 )
897 643 1062 717 Gravitas
1076 661 1202 720 autem

127 744 269 817 materiae
291 758 609 817 commensuratur
630 747 650 815 it
672 738 847 842 qualitate
864 766 1053 840 personae,
1072 746 1132 816 cui
1159 745 1205 822 il·

129 838 226 913 lstum
245 856 302 915 est
321 842 500 915 damnum
515 866 525 931 3
549 839 614 914 sed
638 840 710 914 hoc
728 838 846 914 lusiias
864 840 1073 915 discussum
1090 856 1145 917 est
1162 845 1204 919 in

135 940 228 1038 Opere
241 942 258 1039 (
271 938 354 1014 Lib.
369 940 391 1013 3
410 966 452 1015 n.
467 941 550 1040 529.
565 947 580 1033 )
593 933 819 1014 Cuma'utem
831 939 928 1011 sorta
946 942 1039 1014 fiunt
1054 944 1073 1014 i
1091 941 1176 1015 liliis
1192 997 1205 1032 ,

134 1053 181 1115 sut
195 1038 238 1111 ab
265 1037 463 1124 uxoribus,
486 1038 688 1140 requiritur
708 1036 829 1111 multb
851 1040 969 1137 major
993 1044 1204 1140 quantitas,

130 1138 236 1209 utsint
254 1165 361 1235 grave
405 1152 590 1229 eccatum3
612 1152 649 1212 et
667 1135 749 1211 rarb
766 1137 804 1209 hi
825 1151 997 1211 tenentur
1014 1137 1085 1212 sub
1104 1139 1204 1239 gravi

125 1232 332 1407 obligatione
343 1165 403 1309 ad
400 1236 667 1312 restitutionem
685 1238 701 1334 (
714 1235 827 1310 Num.
842 1237 917 1335 539
931 1251 967 1310 et
979 1235 1051 1331 543
1064 1238 1092 1334 ).

164 1337 183 1427 l
210 1336 371 1409 .Certus
390 1334 507 1409 lactus
535 1335 582 1409 de
610 1335 711 1433 gravi
740 1333 952 1434 poenitentis
979 1333 1206 1434 obligatione

123 1428 363 1507 confessarius
380 1491 391 1524 ,
407 1434 604 1532 inspiciat,
621 1436 650 1508 si
666 1436 850 1531 poenitens
865 1431 979 1506 valeat
991 1438 1207 1529 restituere,

120 1528 199 1605 licet
212 1559 301 1605 cum
320 1532 446 1632 aliquo
470 1525 738 1607 incommodo:
759 1544 796 1606 et
814 1557 900 1605 eum
919 1558 995 1606 non
1014 1531 1206 1624 absolvat,

119 1628 183 1701 nisi
211 1629 314 1729 priits
340 1633 539 1717 restituat,
578 1631 668 1706 lieet
695 1627 759 1703 ille
786 1629 890 1729 signa
921 1632 1206 1706 extraordinaria

120 1729 380 1803 emendationis
404 1729 574 1804 exhibeat
598 1728 709 1828 (Lib.
741 1728 824 1804 311.
848 1727 920 1803 682
939 1731 965 1824 ).
983 1727 1086 1804 lions
1103 1732 1207 1806 euim

117 1843 198 1900 suut
224 1827 376 1928 quidam
400 1830 575 1928 sanguis,
605 1830 669 1927 qui
691 1829 834 1902 avenis
860 1852 937 1900 non
965 1827 1107 1902 eruitur
1135 1829 1208 1904 nisi

116 1951 197 2000 cum
222 1953 356 2026 magna
372 1926 435 2015 ri,
465 1943 502 2002 et
517 1925 656 2002 dolore.
676 1926 787 2002 Unde
812 1926 843 2001 si
872 1928 1052 2002 restitutio
1072 1953 1150 2002 non
1165 1929 1208 2004 fit

117 2024 198 2099 ante
214 2025 515 2115 absolutionem,
535 2053 621 2103 cum
638 2015 853 2100 difficultate
870 2028 1028 2101 maxima
1048 2027 1109 2101 fiet
1129 2053 1210 2127 pos·

117 2126 191 2210 teia,
211 2128 257 2199 iat
273 2128 495 2226 experientid
513 2124 716 2199 admodum
734 2123 925 2201 docemur.
948 2127 1072 2200 Potest
1087 2127 1210 2226 excipi

117 2221 259 2296 tantiam
275 2223 407 2323 aliquis
420 2225 630 2326 poenitens,
675 2224 712 2296 ui
726 2223 775 2297 itia
788 2222 1210 2304 meticulosaeconscien·

117 2323 172 2406 tiae
184 2338 305 2411 esset,
324 2339 366 2396 ut
383 2322 430 2399 de
449 2350 492 2397 eo
509 2321 637 2397 nullus
648 2251 846 2396 dubitandi
864 2320 969 2395 locus
985 2339 1207 2420 superesset.

27 2443 29 2478 ἒ
115 2418 194 2494 Dixi
216 2448 295 2494 cum
319 2420 436 2520 altipuo
458 2420 707 2505 incommodor
735 2422 872 2519 quiesi
898 2420 962 2496 ille
982 2421 1209 2496 restituendo

27 2535 31 2594 ¹.
116 2525 190 2590 n'ou
205 2533 326 2607 esset,
348 2519 440 2619 quin
455 2521 494 2593 in
510 2546 657 2619 gravem
673 2519 926 2593 necessitatem
942 2545 982 2591 se
995 2520 1210 2618 conjiceret,

27 2701 28 2706 ἵ
116 2614 208 2700 idest
227 2618 319 2717 quin
338 2620 358 2689 ia
384 2633 479 2692 statu
497 2645 588 2702 suo,
615 2642 727 2719 quern
747 2614 841 2716 juste
859 2616 1072 2715 acquisivit,
1105 2617 1213 2693 deci-

27 2727 28 2782 }
118 2715 233 2807 deret,
248 2731 337 2793 tunc
347 2715 411 2790 ille
425 2713 544 2817 potest
556 2715 703 2792 differre
716 2715 998 2803 restitutionem,
1008 2713 1225 2792 dummodbv

27 2811 29 2844 l
120 2814 281 2888 creditor
294 2841 370 2888 non
386 2816 484 2889 sitin
498 2816 595 2914 gravi
612 2815 841 2890 necessitate.
863 2812 943 2888 lmt
957 2870 967 2905 ,
983 2814 1074 2908 licet
1087 2818 1213 2922 credi7

118 2914 242 2988 torsit
256 2915 296 2987 in
316 2916 414 3014 gravi
422 2915 666 3007 necessitate,
684 2911 929 3016 probabiliter
949 2940 1019 2990 nec
1030 2916 1138 2988 etiem
1155 2931 1214 2990 te·

117 3027 230 3086 netur
250 3011 395 3114 debitor
419 3012 468 3087 ad
491 3016 786 3103 restitutionem,
804 3038 891 3085 cum
916 3012 995 3109 ipse
1020 3015 1155 3113 pariter
1171 3015 1214 3090 in

120 3112 218 3209 pravi
232 3114 447 3186 necessitate
465 3114 671 3212 reperitur„
699 3127 737 3186 et
758 3136 825 3211 per
840 3113 1111 3185 restitutionem
1128 3140 1216 3187 con·

119 3209 330 3290 stituendus
348 3226 441 3285 esset
458 3210 499 3285 in
516 3209 731 3285 necessitate
747 3211 851 3309 quasi
872 3225 1044 3284 extrema.
1064 3210 1145 3285 Hoc
1164 3227 1216 3286 ta·

119 3333 206 3381 men
219 3309 440 3407 intelligitur
454 3365 464 3397 ,
480 3307 593 3383 modb
609 3335 664 3383 res
678 3308 799 3386 ablata
814 3335 891 3384 non
905 3322 1000 3384 extet
1013 3309 1053 3400 iu
1069 3311 1217 3407 speeie,

120 3422 157 3486 et
169 3407 283 3504 modi)
293 3407 650 3510 creditorproecipue
665 3434 742 3484 non
757 3407 924 3481 redactus
936 3407 1104 3481 sueritob
1119 3408 1217 3483 illud

121 3504 262 3579 furtum
277 3507 315 3580 in
331 3534 411 3582 earn
430 3534 574 3604 gravem
591 3509 843 3582 necessitatem
864 3507 999 3598 (Num.
1018 3507 1125 3603 703).
1142 3508 1217 3580 Cu·

123 3619 226 3679 retur
244 3605 375 3680 saltem
391 3615 504 3693 tunc,
529 3605 664 3708 nempe
682 3633 769 3680 cum
783 3620 903 3705 potest
916 3604 1055 3680 differri
1068 3606 1219 3678 restitu-

123 3704 198 3793 tio,
215 3704 371 3779 susdere
391 3705 610 3808 poenitenti,
630 3719 672 3778 ut
688 3703 894 3799 identidem
917 3704 1094 3802 paulatim
1113 3706 1219 3779 resti·

124 3814 224 3888 tuat,
243 3819 308 3877 aut
323 3806 485 3905 aliquem
499 3802 665 3878 laborem
682 3805 812 3895 faciat,
829 3818 894 3878 aut
908 3801 1061 3903 aliquod
1074 3801 1217 3878 donum

124 3900 176 3974 ali
205 3901 329 3977 uandb
345 3901 516 3977 creditori
534 3903 677 3980 offerat.
1211 3953 1214 3958 n

176 3929 240 4095 dd.
264 4003 444 4080 Possibile
467 4001 529 4076 hic
554 4030 629 4074 non
662 4015 717 4080 est
744 4025 873 4074 omnes
903 3997 1090 4072 doctrinas
1124 4002 1219 4076 scitu

132 4097 232 4182 ciret
262 4098 360 4181 ha'nc
386 4102 579 4184 materiam
604 4094 846 4200 'restitptionis
871 4098 1111 4207 necessarias,
1136 4125 1223 4203 quc
