2942 4717
408 246 502 337 W·
519 243 612 316 circs
627 246 751 318 ludicis
766 245 930 317 Officium.
1057 309 1059 314 ,
1168 248 1212 317 43

126 362 227 465 985.)
239 361 414 438 Attamen
427 361 691 438 advertendum
706 376 761 437 est
777 421 786 448 ‚
801 362 954 459 injurias
972 358 1134 461 ,quibus
1148 359 1212 436 iu·

128 466 234 536 ricem
252 488 293 534 se
315 478 471 542 onerant
487 462 616 548 rudes,
633 461 721 536 licet
737 462 776 534 in
795 488 834 536 se
847 474 968 535 essent
986 485 1130 556 graves,
1150 461 1216 533 nia

128 559 325 635 lrilominirs
339 585 416 634 non
436 586 514 637 esse
529 587 675 662 semper
693 586 817 660 graves
835 558 1052 659 interhujus
1070 559 1215 657 generis

126 684 323 759 personas,
348 658 390 733 ist
412 686 498 736 cum
520 686 560 733 se
574 658 764 760 appellent
788 660 977 742 latrones.
1005 658 1184 731 veneficas
1199 683 1215 748 ,τ

127 760 348 843 meretricem
367 761 453 859 quia
474 759 641 858 ipsemet
657 785 735 834 non
749 757 857 832 multi
871 756 1125 845 benefaciunt,
1140 771 1217 832 n'ee·

135 856 191 956 qui
205 881 259 928 eas
282 857 407 944 audit,
424 856 538 931 fidem
559 871 733 957 preston
758 857 910 956 excipe,
928 856 957 928 si
976 856 1218 929 nominarent

137 981 184 1029 res
202 957 466 1054 particulares,
498 971 535 1029 et
563 957 777 1058 complices.
811 956 1014 1052 Interroget
1041 954 1150 1038 item,
1180 953 1217 1030 εἰ

131 1052 320 1127 discordias
355 1056 542 1145 exciterit,
566 1057 702 1132 nizonis
730 1055 1029 1139 disseminando,
1047 1065 1086 1125 et
1113 1051 1213 1128 rele-

123 1152 230 1244 rendo
248 1153 319 1226 uni
336 1206 347 1239 ,
366 1180 448 1252 quae
467 1152 514 1227 ab
524 1152 600 1228 alio
616 1154 767 1229 audivit.

166 1249 222 1324 38.
235 1251 411 1351 Denique
430 1253 652 1352 interroget,
672 1255 702 1327 si
722 1251 808 1326 odio
829 1250 993 1351 aliquem
1011 1247 1211 1338 habuerit.

120 1360 153 1421 et
168 1350 199 1421 ei
216 1351 322 1449 signa
337 1353 549 1425 communis
570 1352 738 1426 amicitiae
751 1355 935 1448 negaverit
950 1350 958 1421 !
979 1363 1016 1422 et
1028 1348 1090 1423 hle
1104 1374 1213 1448 expe·

119 1445 170 1520 dit
184 1448 290 1521 illius
305 1448 430 1532 dubii,
451 1448 552 1548 quod
568 1451 663 1524 inter
679 1450 856 1524 Doctores
873 1462 1058 1533 moretur,
1076 1449 1212 1521 memi-

115 1547 236 1637 nisse,
255 1548 386 1622 utrum
405 1548 565 1624 offensus
580 1549 756 1623 offensori
773 1563 939 1621 teneatur
957 1546 1211 1621 remissionem

115 1642 257 1731 facere,
271 1639 573 1721 Salmantrcenses
588 1648 748 1744 dicunt(
768 1647 891 1723 Troct.
911 1673 950 1719 ar
973 1673 1007 1720 o.
1027 1646 1105 1718 611.
1127 1647 1212 1738 re.)

114 1742 305 1817 offensum
321 1746 439 1818 teneri
457 1746 610 1845 quidem
624 1746 672 1820 sd
684 1746 937 1820 remissionem
950 1744 1116 1840 injuriae,
1136 1769 1213 1817 non

115 1856 239 1916 aulem
260 1841 420 1941 publicae
434 1869 578 1943 poenes,
594 1845 681 1945 quis
698 1844 777 1920 lroec
789 1847 826 1918 in
838 1841 1212 1942 Reipublicoebonum

113 1941 316 2016 redundat.
333 1943 563 2041 Speculstird
588 1944 778 2044 loquendo
796 1943 1006 2034 „sententio
1028 1957 1109 2014 vera
1132 1955 1223 2030 est3¹

114 2040 238 2114 sedin
261 2043 361 2138 praxi
380 2045 588 2142 numquam
612 2044 705 2118 milri
731 2044 801 2117 suit
821 2044 968 2116 animus
996 2037 1212 2117 absolvendi

115 2139 282 2238 aliquem
297 2140 478 2230 istorum,
500 2142 564 2240 qui
584 2141 780 2226 dicebant,
798 2167 837 2215 se
863 2165 1013 2242 parcere
1034 2139 1212 2225 inimico,

115 2236 179 2309 sed
201 2238 321 2324 velle,
342 2252 383 2311 ut
408 2239 546 2336 justitia
564 2266 675 2314 suum
692 2241 820 2315 locum
842 2239 993 2324 habent,
1010 2252 1053 2310 ut
1068 2236 1213 2312 scelesti

114 2334 224 2434 digna
242 2337 349 2412 factis
366 2341 439 2411 suis
458 2340 657 2436 recipiant3
677 2343 881 2437 numquim
898 2338 1000 2411 enim
1018 2334 1109 2408 mihi
1123 2362 1212 2409 sue·

115 2431 199 2510 dere
215 2436 324 2533 potui
341 2494 348 2520 ,
365 2434 466 2535 quod
492 2435 706 2535 hujusmodi
726 2437 792 2537 qui
810 2433 1035 2534 quaudoque
1049 2435 1212 2532 peccetis

117 2537 260 2608 onerati
287 2534 496 2619 accedunt,
528 2539 578 2610 ita
604 2552 730 2608 ament
755 2533 895 2607 bonum
921 2557 1148 2616 commuue.
1174 2550 1222 2630 et·

72 2681 76 2686 -
115 2633 294 2729 justiliam
320 2633 420 2727 (nou
442 2637 516 2732 jam
534 2634 572 2708 iu
589 2633 680 2708 ulios
700 2633 904 2732 delinquen
978 2687 987 2715 ,
1007 2628 1072 2705 sed
1088 2629 1213 2704 solum

114 2731 152 2803 in
168 2760 257 2820 suos
278 2730 526 2823 offensores),
557 2749 599 2806 ut
615 2734 761 2807 animus
782 2756 911 2805 eorum
933 2759 950 2804 s
967 2743 980 2802 t
1024 2728 1144 2802 enitiss
1165 2729 1213 2802 sb

117 2831 398 2904 omnirindictae
412 2829 709 2908 affectualienus.
722 2831 836 2908 Unde
849 2830 888 2904 in
903 2757 1022 2904 istislP

114 2944 190 3019 est,
213 2930 257 3003 ist
270 2930 401 3004 dicunt
414 2930 524 3003 multi
541 2930 603 3006 alii
620 2932 699 3005 DD.
714 2933 729 3028 (
746 2929 829 3005 Lib.
850 2958 871 3003 2
889 2955 926 3003 n.
939 2954 987 3028 29
1000 2955 1034 2999 r.
1053 2930 1168 3001 Licet.
1182 2930 1213 3021 ).

117 3052 248 3101 eorum
264 3029 439 3102 affectum
463 3026 511 3100 ad
528 3026 671 3102 bonurn
689 3054 888 3104 commune
905 3053 984 3101 esse
1002 3026 1214 3124 speciosum

116 3141 334 3223 proetextum
357 3124 562 3200 simulandi
592 3125 817 3201 desiderium
836 3127 994 3226 propriae
1021 3125 1209 3200 vindictas.

115 3228 287 3300 Attamen
315 3241 432 3324 puto,
459 3249 566 3324 posse
591 3225 728 3301 absolvi
755 3225 902 3322 injuriis
919 3224 1109 3312 effectum,
1131 3224 1213 3322 pri-

118 3321 203 3417 mo,
225 3325 255 3398 si
276 3325 390 3398 vellet
408 3329 483 3422 jam
501 3325 754 3399 remissionem
770 3324 909 3412 facere,
924 3322 990 3396 sed
1004 3322 1223 3420 praetende··

118 3435 195 3513 ret,
227 3422 322 3520 juste
344 3423 521 3496 satisfieri·
537 3422 608 3496 sibi
623 3424 663 3496 in
683 3422 849 3506 demnis,
874 3445 957 3520 quae
986 3446 1113 3518 passus
1130 3434 1213 3510 est;

119 3518 322 3596 dummodo
350 3523 512 3596 offensor
529 3549 606 3595 non
632 3522 681 3595 ita
699 3534 794 3595 esset
814 3545 972 3620 pauper,
990 3530 1031 3591 ut
1057 3517 1213 3590 omnino

119 3618 295 3695 solvendo
315 3647 392 3695 non
408 3634 525 3711 esset;
543 3619 732 3707 secundo.
755 3620 786 3693 si
806 3618 1060 3692 remissionem
1077 3616 1220 3690 faceret

118 3716 186 3790 sub
202 3718 444 3805 conditione,
464 3733 507 3791 ul
522 3718 685 3794 offensor
703 3717 813 3814 longe
830 3717 974 3790 abesset
988 3721 1006 3787 a
1021 3714 1180 3811 Regioue
1199 3771 1212 3805 ,

122 3820 203 3914 quia
223 3817 319 3892 filios
331 3876 338 3902 ,
352 3831 416 3892 eut
427 3817 557 3891 fratres
573 3831 678 3892 oetste
698 3830 890 3916 provectos
906 3870 914 3900 ‚
931 3812 1072 3887 vividos
1088 3811 1230 3903 heheu:

121 3932 180 3989 sut
192 3917 279 4016 quia
295 3916 458 3992 offensor
474 3929 567 4007 esset
583 3917 630 3994 irs
646 3916 830 4004 insolens,
847 3914 945 3987 etad
960 3914 1054 3987 rixas
1070 3911 1212 4011 procli-

120 4013 192 4104 vis,
213 4031 255 4088 ut
277 4013 480 4115 prudenter
503 4017 676 4100 timeret,
702 4031 744 4087 ut
761 4027 913 4114 propter
931 4010 990 4098 sni
1014 4013 1127 4087 animi
1144 4014 1227 4087 im·.

118 4107 377 4221 becillitalenrp
390 4114 492 4193 illios
505 4113 749 4224 petulentiam
762 4127 885 4217 posset
897 4110 1064 4202 sufferre.
1131 4137 1157 4213 f
1220 4161 1225 4178 ,

1006 2826 1213 2902 acillimum
1320 2867 1323 2876 ,
