2942 4717
258 311 259 316 ,
283 244 328 313 9⁰
381 297 384 304 .
615 202 618 206 „
662 232 775 304 Praxis
789 219 997 306 confessarii.

280 343 344 417 vel
359 370 407 422 an
424 342 624 445 iuraverint
643 375 730 423 cum
746 344 971 420 mendacio?
989 348 1025 421 3.
1044 346 1104 422 An
1123 345 1309 428 omiserint
1325 347 1364 424 in

279 442 397 518 Fastis
414 446 541 520 audire
556 449 727 535 Missam,
749 458 813 518 ant
829 448 867 517 iu
890 444 1074 520 audienda
1089 442 1154 517 illa
1177 471 1358 519 sermones

279 538 506 622 habuerint?
519 549 624 624 Etan
636 543 802 624 inFestia
816 542 1090 624 laboraverint?
1108 544 1145 635 d.
1161 545 1219 617 An
1236 569 1361 642 paren·

279 638 381 717 tibus
397 642 533 717 fuerint
549 642 804 717 inobedientes
822 656 908 728 ,aut
928 641 1201 717 irreverentiam
1230 644 1361 742 irroga·

279 739 400 814 verint
414 767 477 816 eos
494 742 778 828 subsannando,
791 767 922 819 manus
934 742 1046 815 ineos
1061 738 1296 827 extollendo,
1308 735 1364 816 vel

215 899 216 904 ,
251 916 253 926 ,
280 841 445 914 convicia
461 855 525 916 aut
535 840 816 941 imprecationes
831 865 956 914 coram
970 840 1060 938 ipsis
1074 837 1362 942 proferendoAEt

281 934 346 1016 hic
365 938 652 1031 advertendum,
676 939 781 1041 quod
799 936 941 1014 dictum
966 955 1022 1012 est
1044 966 1084 1014 n.
1106 939 1166 1032 34.
1191 936 1238 1010 de
1258 935 1375 1022 modo,

279 1034 499 1135 imponendi
536 1042 660 1140 pueris
694 1039 912 1138 petitionem
942 1040 1058 1113 reniae
1088 1039 1109 1109 a
1142 1035 1364 1134 parentibus.

213 1217 216 1222 ,
281 1132 317 1210 5.
331 1139 391 1209 An
406 1136 560 1238 aliquod
570 1152 678 1237 turpe
691 1150 887 1238 peccatum
899 1133 1150 1238 patraverint?
1168 1133 1234 1207 sed
1246 1135 1285 1207 in
1299 1132 1364 1206 bac

280 1238 433 1310 materia
449 1237 702 1310 Cousessarius
717 1238 764 1310 sit
778 1233 885 1314 valdd
899 1250 1028 1309 cautus
1044 1231 1363 1329 ininterrogandot

280 1331 435 1434 incipiat
452 1336 673 1433 interrogare
693 1331 739 1408 de
762 1333 894 1432 longe,
918 1333 1092 1407 et-verbis
1112 1328 1363 1429 generalibus:

283 1445 322 1506 et
341 1432 466 1529 pribs,
493 1440 541 1507 an
566 1433 725 1508 dixerint
749 1434 846 1506 mala
871 1429 1006 1505 verba?
1024 1458 1072 1506 an
1099 1431 1210 1527 jocati
1236 1429 1366 1502 fuerint

286 1554 375 1606 cum
385 1529 467 1605 aliis
481 1524 1367 1632 pueris,ai1tpuellisi'Etsijocosillosclamexer·

286 1630 456 1704 cuerint?
470 1629 613 1707 Deinde
629 1631 854 1731 interroget,
875 1655 922 1703 an
944 1629 1194 1705 eommiserint
1216 1653 1273 1700 res
1290 1642 1365 1697 tur·

283 1728 377 1827 pes?
391 1728 597 1819 Multoties,
614 1732 756 1803 etilmsi
774 1728 877 1829 pueri
892 1741 1041 1827 negent,
1053 1726 1206 1829 prodest
1218 1726 1273 1797 uti
1287 1748 1367 1820 eum

284 1823 338 1900 eis
368 1826 717 1927 interrogationibus
750 1827 985 1927 suggestivis,
1007 1827 1109 1901 verbi
1146 1826 1259 1925 gratil
1284 1851 1293 1892 ε
1321 1821 1367 1894 Et

283 1948 379 1999 nunc
403 1925 459 1999 dte
478 1926 589 2013 mihi,
611 1928 749 2025 quott'es
769 1926 846 2000 hoc
863 1923 989 2014 fhctiti
1007 1924 1216 2026 Quinquies,
1237 1917 1368 1994 decies?

283 2018 491 2123 Interroget
502 2081 518 2114 .,
539 2050 702 2179 (paucum
719 2025 905 2102 dormiant
921 2039 983 2108 ,et
999 2028 1029 2096 si
1045 2024 1192 2100 inlecto
1204 2017 1367 2094 manibus
1442 2083 1443 2086 ,

284 2123 397 2220 jocati
410 2121 570 2218 fuerint..
584 2122 732 2200 Puellae
744 2128 964 2226 interroget,
979 2123 1012 2196 si
1027 2121 1191 2223 aliquem
1205 2123 1367 2221 juvenem
1442 2127 1443 2140 ³

287 2244 412 2292 amore
427 2222 565 2297 fuerint
582 2237 788 2322 prosecutae
804 2237 919 2308 ,etan
934 2221 1121 2294 adfuerint
1142 2243 1259 2320 pravae
1276 2214 1366 2313 cogi·

287 2319 444 2393 tationes
455 2323 584 2404 ,verba
597 2338 661 2395 aut
678 2337 795 2396 tactus
809 2319 825 2394 l
838 2320 887 2420 Et
900 2319 920 2404 d
935 2320 1120 2424 responsis
1137 2315 1310 2418 procedat
1323 2308 1366 2385 ad

285 2412 479 2495 ulteriores
498 2415 827 2521 interrpgationes,
842 2419 908 2493 sed
931 2433 1055 2493 caveat
1077 2415 1125 2491 ab
1149 2408 1367 2517 exquirendo
1441 2443 1442 2446 ¹

288 2517 483 2615 bpuellis,
503 2521 598 2595 veli
622 2521 768 2621 pueris,
788 2545 834 2593 an
868 2517 1027 2602 adiuerit
1046 2516 1198 2600 seminis
1218 2511 1367 2598 effu³i⁰t
1441 2553 1442 2592 t

286 2617 374 2689 cum
387 2615 450 2690 'his
468 2621 575 2693 enini
596 2615 728 2694 melibs
753 2633 808 2692 est
829 2619 955 2692 deesse
975 2616 1174 2714 integritati
1196 2605 1367 2686 materiali

286 2714 555 2808 confessionis,
573 2717 684 2819 quini
703 2743 782 2793 esse
805 2743 979 2800 causam,
1002 2732 1046 2790 ut
1076 2710 1367 2814 apprehendant,
1441 2721 1442 2746 ¹

286 2837 370 2915 quae
384 2816 554 2909 nondum
571 2821 757 2905 noverint,
769 2814 825 2889 vel
839 2829 1025 2918 ponantur
1035 2816 1074 2889 in
1094 2811 1301 2888 curiositate
1313 2804 1371 2877 ad·

245 2959 250 2970 x
287 2911 1368 3018 discendilnterrogenturetiampueri,anattulerintnuu·

289 3009 340 3083 tia
359 3008 415 3084 rel
432 3013 529 3087 dona
547 3016 709 3089 virorum
732 3011 952 3087 mulieribus
967 3010 984 3084 ἲ
997 3013 1047 3086 Et
1063 3011 1223 3112 puellis,
1243 3031 1289 3080 an
1308 3030 1369 3078 ac·
1440 3043 1441 3082 3

288 3110 455 3206 ceperint
470 3112 567 3187 dona
582 3117 600 3185 b
609 3113 777 3215 personis
790 3111 989 3211 suspectis,
1006 3109 1141 3210 nempe
1153 3104 1368 3206 conjugatis,
1440 3125 1441 3134 ¹

287 3191 558 3292 beclesiasticis
569 3265 579 3296 ,
592 3229 656 3287 aut
671 3210 860 3310 Religioeis
873 3208 889 3285 l
902 3210 939 3296 6,
956 3207 1179 3308 interroget,
1202 3231 1251 3281 an
1270 3227 1369 3314 corn·-

290 3310 460 3384 utiserint
474 3311 646 3398 lurtum,
669 3311 724 3385 vel
744 3336 790 3383 an
812 3311 994 3383 damnum
1013 3308 1206 3384 attulerint
1256 3299 1368 3376 raedns

285 3401 422 3481 alienis
437 3463 446 3496 ,
463 3408 608 3496 bestiis,
626 3426 690 3483 aut
704 3409 777 3483 alio
791 3405 929 3495 ruodo?
944 3434 983 3508 7.
999 3409 1060 3484 An
1085 3400 1198 3482 alicui
1243 3416 1369 3500 etraxe·

250 3576 259 3583 .
291 3503 396 3579 riuti
408 3510 446 3583 8.
466 3509 577 3582 Circi
592 3523 776 3608 praecepta
796 3507 977 3584 Ecclesia
998 3508 1138 3582 interro
1162 3517 1199 3579 et
1212 3539 1230 3589 ,ι’
1243 3524 1287 3575 au
1305 3499 1372 3571 im·

284 3600 472 3701 plererint
487 3609 764 3691 Confessionem
777 3621 812 3682 et
827 3607 1128 3683 communionem
1140 3532 1372 3711 laschalernl

289 3705 341 3779 Et
358 3731 404 3778 an
424 3732 552 3781 carnes
566 3723 632 3782 ant
644 3703 831 3782 lacticinia
845 3705 1075 3780 comederint
1092 3700 1225 3777 diebus
1233 3688 1371 3771 retitui

341 3827 402 3902 91.
421 3804 534 3899 Quod
550 3822 673 3880 autem
693 3806 851 3904 pertinet
868 3803 915 3876 ad
929 3802 1201 3876 absolutionem
1218 3797 1273 3869 his
1289 3813 1371 3894 pue·

179 3965 181 3978 ,
285 3899 344 3980 eris
362 3903 664 4006 impertiendam,
685 3931 816 4003 magna
835 3902 1038 4001 requiritur
1054 3900 1219 3974 attentio.
1242 3894 1277 3967 si
1291 3914 1370 3964 con·
1438 3999 1439 4006 ἵ

236 4091 237 4094 ¹
285 4013 377 4089 ‘stet
392 4003 574 4105 quodipsi
586 4003 954 4077 sufficientemusum
964 3999 1115 4074 rationis
1128 4004 1198 4097 jam
1208 3992 1370 4076 habeant,

291 4102 409 4200 proiit
424 4103 458 4184 si
476 4102 648 4187 dnunett
666 4103 917 4195 confitentur,
930 4098 991 4181 vel
1010 4092 1202 4202 adaequate
1221 4095 1373 4198 interro·
