<?xml version="1.0" encoding="UTF-8"?>
<!DOCTYPE html PUBLIC "-//W3C//DTD XHTML 1.0 Transitional//EN"
    "http://www.w3.org/TR/xhtml1/DTD/xhtml1-transitional.dtd">
<html xmlns="http://www.w3.org/1999/xhtml" xml:lang="en" lang="en">
 <head>
  <title>
</title>
<meta http-equiv="Content-Type" content="text/html;charset=utf-8" />
  <meta name='ocr-system' content='tesseract 3.04.00' />
  <meta name='ocr-capabilities' content='ocr_page ocr_carea ocr_par ocr_line ocrx_word'/>
</head>
<body>
  <div class='ocr_page' id='page_1' title='image "./theologiamorali02mansgoog_0335.png"; bbox 0 0 2942 4717; ppageno 0'>
   <div class='ocr_carea' id='block_1_1' title="bbox 63 283 1286 4316">
    <p class='ocr_par' dir='ltr' id='par_1_1' title="bbox 84 283 1189 847">
     <span class='ocr_line' id='line_1_1' title="bbox 127 283 1184 397; baseline -0.001 -25"><span class='ocrx_word' id='word_1_1' title='bbox 127 283 140 333; x_wconf 64' lang='lat'>&#39;¹³</span> <span class='ocrx_word' id='word_1_2' title='bbox 333 306 334 309; x_wconf 72' lang='grc'>’</span> <span class='ocrx_word' id='word_1_3' title='bbox 391 288 899 397; x_wconf 69' lang='lat' dir='ltr'>nropobmnenediutxlt.</span> <span class='ocrx_word' id='word_1_4' title='bbox 923 312 939 331; x_wconf 83' lang='grc'><em>”</em></span> <span class='ocrx_word' id='word_1_5' title='bbox 980 310 991 321; x_wconf 74' lang='grc'><em>”</em></span> <span class='ocrx_word' id='word_1_6' title='bbox 1113 304 1184 383; x_wconf 67' lang='lat' dir='ltr'>dou</span> 
     </span>
     <span class='ocr_line' id='line_1_2' title="bbox 84 412 1187 507; baseline 0.004 -27"><span class='ocrx_word' id='word_1_7' title='bbox 84 412 241 500; x_wconf 65' lang='lat' dir='ltr'>gutierre,</span> <span class='ocrx_word' id='word_1_8' title='bbox 254 435 333 481; x_wconf 89' lang='lat' dir='ltr'>num</span> <span class='ocrx_word' id='word_1_9' title='bbox 348 422 520 507; x_wconf 84' lang='lat' dir='ltr'>potuerint</span> <span class='ocrx_word' id='word_1_10' title='bbox 532 417 720 485; x_wconf 85' lang='lat' dir='ltr'>indumenta</span> <span class='ocrx_word' id='word_1_11' title='bbox 730 438 817 483; x_wconf 86' lang='lat' dir='ltr'>sacra</span> <span class='ocrx_word' id='word_1_12' title='bbox 832 413 1022 482; x_wconf 85' lang='lat' dir='ltr'>benedicere</span> <span class='ocrx_word' id='word_1_13' title='bbox 1034 439 1094 506; x_wconf 88' lang='lat' dir='ltr'>pro</span> <span class='ocrx_word' id='word_1_14' title='bbox 1103 417 1187 485; x_wconf 62' lang='lat' dir='ltr'>alie4</span> 
     </span>
     <span class='ocr_line' id='line_1_3' title="bbox 88 498 1189 594; baseline 0.005 -30"><span class='ocrx_word' id='word_1_15' title='bbox 88 500 141 565; x_wconf 84' lang='lat' dir='ltr'>nis</span> <span class='ocrx_word' id='word_1_16' title='bbox 173 498 344 588; x_wconf 62' lang='lat' dir='ltr'>Ecclesia,</span> <span class='ocrx_word' id='word_1_17' title='bbox 366 525 481 590; x_wconf 82' lang='lat' dir='ltr'>exeo,</span> <span class='ocrx_word' id='word_1_18' title='bbox 498 503 587 594; x_wconf 88' lang='lat' dir='ltr'>quod</span> <span class='ocrx_word' id='word_1_19' title='bbox 606 503 805 570; x_wconf 78' lang='lat' dir='ltr'><strong>obtinuerint</strong></span> <span class='ocrx_word' id='word_1_20' title='bbox 827 500 992 569; x_wconf 87' lang='lat' dir='ltr'>indultum</span> <span class='ocrx_word' id='word_1_21' title='bbox 1015 504 1189 593; x_wconf 54' lang='lat' dir='ltr'>Apostoli-a</span> 
     </span>
     <span class='ocr_line' id='line_1_4' title="bbox 90 585 1188 679; baseline 0.006 -29"><span class='ocrx_word' id='word_1_22' title='bbox 90 585 190 656; x_wconf 81' lang='lat' dir='ltr'>cum?</span> <span class='ocrx_word' id='word_1_23' title='bbox 205 608 390 679; x_wconf 84' lang='lat' dir='ltr'>responsum</span> <span class='ocrx_word' id='word_1_24' title='bbox 406 592 490 675; x_wconf 84' lang='lat' dir='ltr'>fuit,</span> <span class='ocrx_word' id='word_1_25' title='bbox 510 588 655 657; x_wconf 80' lang='lat' dir='ltr'>exhiberi</span> <span class='ocrx_word' id='word_1_26' title='bbox 678 592 794 656; x_wconf 87' lang='lat' dir='ltr'>debere</span> <span class='ocrx_word' id='word_1_27' title='bbox 810 587 904 667; x_wconf 49' lang='lat' dir='ltr'>„illud</span> <span class='ocrx_word' id='word_1_28' title='bbox 927 587 1091 654; x_wconf 91' lang='lat' dir='ltr'>lndultum</span> <span class='ocrx_word' id='word_1_29' title='bbox 1119 615 1188 657; x_wconf 86' lang='lat' dir='ltr'>au-</span> 
     </span>
     <span class='ocr_line' id='line_1_5' title="bbox 91 670 1188 767; baseline 0.005 -28"><span class='ocrx_word' id='word_1_30' title='bbox 91 670 270 740; x_wconf 77' lang='lat' dir='ltr'>thenticum</span> <span class='ocrx_word' id='word_1_31' title='bbox 293 698 331 740; x_wconf 81' lang='lat' dir='ltr'>eu</span> <span class='ocrx_word' id='word_1_32' title='bbox 358 676 514 757; x_wconf 80' lang='lat' dir='ltr'>Archivio</span> <span class='ocrx_word' id='word_1_33' title='bbox 539 672 726 767; x_wconf 81' lang='lat' dir='ltr'>Apostolieo</span> <span class='ocrx_word' id='word_1_34' title='bbox 754 678 974 766; x_wconf 80' lang='lat' dir='ltr'>desumptum,</span> <span class='ocrx_word' id='word_1_35' title='bbox 994 698 1032 741; x_wconf 89' lang='lat' dir='ltr'>ac</span> <span class='ocrx_word' id='word_1_36' title='bbox 1056 679 1188 746; x_wconf 77' lang='lat' dir='ltr'>interim</span> 
     </span>
     <span class='ocr_line' id='line_1_6' title="bbox 87 757 1185 847; baseline 0.004 -24"><span class='ocrx_word' id='word_1_37' title='bbox 87 757 252 828; x_wconf 71' lang='lat' dir='ltr'>abstineri.</span> <span class='ocrx_word' id='word_1_38' title='bbox 270 760 351 829; x_wconf 88' lang='lat' dir='ltr'>ibid.</span> <span class='ocrx_word' id='word_1_39' title='bbox 369 781 470 847; x_wconf 80' lang='lat' dir='ltr'>n.19.</span> <span class='ocrx_word' id='word_1_40' title='bbox 1179 787 1185 795; x_wconf 88' lang='lat'><strong>·</strong></span> 
     </span>
    </p>

    <p class='ocr_par' dir='ltr' id='par_1_2' title="bbox 89 848 1218 1198">
     <span class='ocr_line' id='line_1_7' title="bbox 132 848 1182 940; baseline 0.004 -27"><span class='ocrx_word' id='word_1_41' title='bbox 132 848 398 935; x_wconf 80' lang='lat' dir='ltr'>benedictiones,</span> <span class='ocrx_word' id='word_1_42' title='bbox 416 868 447 917; x_wconf 89' lang='lat' dir='ltr'>et</span> <span class='ocrx_word' id='word_1_43' title='bbox 462 852 630 930; x_wconf 84' lang='lat' dir='ltr'>unctiones</span> <span class='ocrx_word' id='word_1_44' title='bbox 645 868 872 940; x_wconf 84' lang='lat' dir='ltr'>campanarum</span> <span class='ocrx_word' id='word_1_45' title='bbox 892 852 965 914; x_wconf 82' lang='lat' dir='ltr'>cum</span> <span class='ocrx_word' id='word_1_46' title='bbox 980 849 1182 940; x_wconf 82' lang='lat' dir='ltr'>Capitulaii-</span> 
     </span>
     <span class='ocr_line' id='line_1_8' title="bbox 90 929 1185 1028; baseline 0.006 -31"><span class='ocrx_word' id='word_1_47' title='bbox 90 929 150 999; x_wconf 88' lang='lat' dir='ltr'>bus</span> <span class='ocrx_word' id='word_1_48' title='bbox 171 935 279 1004; x_wconf 87' lang='lat' dir='ltr'>Caroli</span> <span class='ocrx_word' id='word_1_49' title='bbox 295 937 406 1024; x_wconf 80' lang='lat' dir='ltr'>Magni</span> <span class='ocrx_word' id='word_1_50' title='bbox 424 937 628 1023; x_wconf 87' lang='lat' dir='ltr'>indicentur,</span> <span class='ocrx_word' id='word_1_51' title='bbox 652 939 977 1028; x_wconf 78' lang='lat' dir='ltr'>antiquissimaesunt.</span> <span class='ocrx_word' id='word_1_52' title='bbox 995 938 1073 1004; x_wconf 88' lang='lat' dir='ltr'>lust.</span> <span class='ocrx_word' id='word_1_53' title='bbox 1091 937 1185 1004; x_wconf 67' lang='lat' dir='ltr'>Eccli</span> 
     </span>
     <span class='ocr_line' id='line_1_9' title="bbox 90 1020 1186 1114; baseline 0.005 -27"><span class='ocrx_word' id='word_1_54' title='bbox 90 1020 144 1101; x_wconf 77' lang='lat'>47.</span> <span class='ocrx_word' id='word_1_55' title='bbox 156 1045 193 1088; x_wconf 93' lang='grc' dir='ltr'>ιι.</span> <span class='ocrx_word' id='word_1_56' title='bbox 209 1025 251 1091; x_wconf 77' lang='lat'>30</span> <span class='ocrx_word' id='word_1_57' title='bbox 264 1024 372 1114; x_wconf 84' lang='lat' dir='ltr'>eisque</span> <span class='ocrx_word' id='word_1_58' title='bbox 385 1046 502 1090; x_wconf 86' lang='lat' dir='ltr'>nomen</span> <span class='ocrx_word' id='word_1_59' title='bbox 512 1023 648 1089; x_wconf 86' lang='lat' dir='ltr'>alicu&#39;us</span> <span class='ocrx_word' id='word_1_60' title='bbox 661 1024 771 1090; x_wconf 79' lang='lat' dir='ltr'><strong>Sancti</strong></span> <span class='ocrx_word' id='word_1_61' title='bbox 789 1024 913 1112; x_wconf 87' lang='lat' dir='ltr'>imponi</span> <span class='ocrx_word' id='word_1_62' title='bbox 930 1026 1132 1092; x_wconf 80' lang='lat' dir='ltr'>consuevisse</span> <span class='ocrx_word' id='word_1_63' title='bbox 1145 1047 1186 1092; x_wconf 80' lang='lat' dir='ltr'>ex</span> 
     </span>
     <span class='ocr_line' id='line_1_10' title="bbox 89 1048 1218 1198; baseline -0.001 -23"><span class='ocrx_word' id='word_1_64' title='bbox 89 1048 755 1198; x_wconf 67' lang='lat' dir='ltr'>Alcuinodiscimus.instEccl.i7.n.5a.</span> <span class='ocrx_word' id='word_1_65' title='bbox 1142 1148 1146 1153; x_wconf 85' lang='lat'><strong>·</strong></span> <span class='ocrx_word' id='word_1_66' title='bbox 1214 1113 1218 1123; x_wconf 89' lang='lat'><em>&#39;</em></span> 
     </span>
    </p>

    <p class='ocr_par' dir='ltr' id='par_1_3' title="bbox 85 1193 1191 1461">
     <span class='ocr_line' id='line_1_11' title="bbox 133 1193 1189 1289; baseline -0.005 -27"><span class='ocrx_word' id='word_1_67' title='bbox 133 1197 379 1265; x_wconf 81' lang='lat' dir='ltr'>benedictiones</span> <span class='ocrx_word' id='word_1_68' title='bbox 395 1198 622 1286; x_wconf 80' lang='lat' dir='ltr'>campanarum</span> <span class='ocrx_word' id='word_1_69' title='bbox 640 1197 681 1262; x_wconf 90' lang='lat' dir='ltr'>ad</span> <span class='ocrx_word' id='word_1_70' title='bbox 694 1195 821 1262; x_wconf 84' lang='lat' dir='ltr'>nimbos</span> <span class='ocrx_word' id='word_1_71' title='bbox 837 1193 1044 1285; x_wconf 83' lang='lat' dir='ltr'>depellendos</span> <span class='ocrx_word' id='word_1_72' title='bbox 1063 1221 1189 1289; x_wconf 70' lang='lat' dir='ltr'>appro-</span> 
     </span>
     <span class='ocr_line' id='line_1_12' title="bbox 85 1277 1191 1375; baseline 0.006 -31"><span class='ocrx_word' id='word_1_73' title='bbox 85 1277 232 1370; x_wconf 87' lang='lat' dir='ltr'>bantur,</span> <span class='ocrx_word' id='word_1_74' title='bbox 244 1304 349 1373; x_wconf 89' lang='lat' dir='ltr'>neque</span> <span class='ocrx_word' id='word_1_75' title='bbox 363 1285 396 1351; x_wconf 91' lang='lat' dir='ltr'>id</span> <span class='ocrx_word' id='word_1_76' title='bbox 408 1283 507 1350; x_wconf 87' lang='lat' dir='ltr'>tribui</span> <span class='ocrx_word' id='word_1_77' title='bbox 520 1306 611 1374; x_wconf 88' lang='lat' dir='ltr'>posse</span> <span class='ocrx_word' id='word_1_78' title='bbox 624 1284 825 1374; x_wconf 73' lang='lat' dir='ltr'>impressioni</span> <span class='ocrx_word' id='word_1_79' title='bbox 839 1283 952 1348; x_wconf 65' lang='lat' dir='ltr'>atrise</span> <span class='ocrx_word' id='word_1_80' title='bbox 968 1306 1122 1375; x_wconf 82' lang='lat' dir='ltr'>campana</span> <span class='ocrx_word' id='word_1_81' title='bbox 1132 1287 1191 1351; x_wconf 87' lang='lat' dir='ltr'>im·</span> 
     </span>
     <span class='ocr_line' id='line_1_13' title="bbox 86 1367 807 1461; baseline 0.006 -28"><span class='ocrx_word' id='word_1_82' title='bbox 86 1367 194 1461; x_wconf 84' lang='lat' dir='ltr'>pulsae</span> <span class='ocrx_word' id='word_1_83' title='bbox 209 1377 369 1437; x_wconf 88' lang='lat' dir='ltr'>asseritur.</span> <span class='ocrx_word' id='word_1_84' title='bbox 388 1369 469 1436; x_wconf 85' lang='lat' dir='ltr'>ibid.</span> <span class='ocrx_word' id='word_1_85' title='bbox 489 1375 519 1457; x_wconf 63' lang='grc' dir='ltr'>ξ.</span> <span class='ocrx_word' id='word_1_86' title='bbox 537 1372 591 1451; x_wconf 80' lang='lat'>57.</span> <span class='ocrx_word' id='word_1_87' title='bbox 634 1404 637 1411; x_wconf 95' lang='lat'>·</span> <span class='ocrx_word' id='word_1_88' title='bbox 801 1370 807 1391; x_wconf 62' lang='lat'>⁸</span> 
     </span>
    </p>

    <p class='ocr_par' dir='ltr' id='par_1_4' title="bbox 76 1451 1286 1718">
     <span class='ocr_line' id='line_1_14' title="bbox 131 1451 1188 1547; baseline 0.004 -26"><span class='ocrx_word' id='word_1_89' title='bbox 131 1453 227 1523; x_wconf 84' lang='lat' dir='ltr'>Solus</span> <span class='ocrx_word' id='word_1_90' title='bbox 252 1456 431 1547; x_wconf 87' lang='lat' dir='ltr'>Episcopus</span> <span class='ocrx_word' id='word_1_91' title='bbox 452 1451 622 1546; x_wconf 85' lang='lat' dir='ltr'>jus·babet</span> <span class='ocrx_word' id='word_1_92' title='bbox 651 1474 820 1545; x_wconf 83' lang='lat' dir='ltr'>campanas</span> <span class='ocrx_word' id='word_1_93' title='bbox 851 1452 1084 1542; x_wconf 86' lang='lat' dir='ltr'>benedicendi,</span> <span class='ocrx_word' id='word_1_94' title='bbox 1113 1481 1188 1525; x_wconf 86' lang='lat' dir='ltr'>cum</span> 
     </span>
     <span class='ocr_line' id='line_1_15' title="bbox 76 1538 1286 1632; baseline 0 -22"><span class='ocrx_word' id='word_1_95' title='bbox 76 1564 176 1611; x_wconf 77' lang='lat' dir='ltr'>sacra</span> <span class='ocrx_word' id='word_1_96' title='bbox 194 1547 304 1609; x_wconf 88' lang='lat' dir='ltr'>unctio</span> <span class='ocrx_word' id='word_1_97' title='bbox 318 1542 501 1632; x_wconf 79' lang='lat' dir='ltr'>adhibenda</span> <span class='ocrx_word' id='word_1_98' title='bbox 525 1543 588 1629; x_wconf 86' lang='lat' dir='ltr'>sit,</span> <span class='ocrx_word' id='word_1_99' title='bbox 605 1565 665 1609; x_wconf 89' lang='lat' dir='ltr'>nec</span> <span class='ocrx_word' id='word_1_100' title='bbox 679 1556 784 1632; x_wconf 89' lang='lat' dir='ltr'>potest</span> <span class='ocrx_word' id='word_1_101' title='bbox 801 1538 985 1607; x_wconf 83' lang='lat' dir='ltr'>fucultatem</span> <span class='ocrx_word' id='word_1_102' title='bbox 999 1540 1093 1610; x_wconf 86' lang='lat' dir='ltr'>alteri</span> <span class='ocrx_word' id='word_1_103' title='bbox 1103 1544 1189 1611; x_wconf 88' lang='lat' dir='ltr'>sub·-</span> <span class='ocrx_word' id='word_1_104' title='bbox 1215 1618 1218 1621; x_wconf 59' lang='grc'><strong>,</strong></span> <span class='ocrx_word' id='word_1_105' title='bbox 1283 1586 1286 1593; x_wconf 70' lang='lat'><strong><em>‹</em></strong></span> 
     </span>
     <span class='ocr_line' id='line_1_16' title="bbox 81 1627 1143 1718; baseline -0.004 -21"><span class='ocrx_word' id='word_1_106' title='bbox 81 1628 249 1718; x_wconf 78' lang='lat' dir='ltr'>delegare.</span> <span class='ocrx_word' id='word_1_107' title='bbox 268 1627 349 1696; x_wconf 86' lang='lat' dir='ltr'>ibid.</span> <span class='ocrx_word' id='word_1_108' title='bbox 367 1653 402 1695; x_wconf 88' lang='grc' dir='ltr'>ιι.</span> <span class='ocrx_word' id='word_1_109' title='bbox 415 1632 470 1696; x_wconf 78' lang='grc'>58.</span> <span class='ocrx_word' id='word_1_110' title='bbox 633 1628 635 1631; x_wconf 72' lang='grc'><strong>’</strong></span> <span class='ocrx_word' id='word_1_111' title='bbox 836 1630 838 1635; x_wconf 81' lang='grc'><strong>’</strong></span> <span class='ocrx_word' id='word_1_112' title='bbox 907 1629 924 1677; x_wconf 82' lang='lat'>&#39;·</span> <span class='ocrx_word' id='word_1_113' title='bbox 1128 1628 1143 1684; x_wconf 65' lang='grc' dir='ltr'>ε’</span> 
     </span>
    </p>

    <p class='ocr_par' dir='ltr' id='par_1_5' title="bbox 83 1709 1189 2151">
     <span class='ocr_line' id='line_1_17' title="bbox 131 1709 1187 1808; baseline 0 -26"><span class='ocrx_word' id='word_1_114' title='bbox 131 1719 184 1782; x_wconf 80' lang='lat' dir='ltr'>Ex</span> <span class='ocrx_word' id='word_1_115' title='bbox 193 1733 357 1808; x_wconf 73' lang='lat' dir='ltr'>precepto</span> <span class='ocrx_word' id='word_1_116' title='bbox 367 1712 565 1783; x_wconf 85' lang='lat' dir='ltr'>Pontificalis</span> <span class='ocrx_word' id='word_1_117' title='bbox 578 1713 717 1781; x_wconf 85' lang='lat' dir='ltr'>Romani</span> <span class='ocrx_word' id='word_1_118' title='bbox 732 1733 894 1804; x_wconf 83' lang='lat' dir='ltr'>campanae</span> <span class='ocrx_word' id='word_1_119' title='bbox 903 1709 1116 1783; x_wconf 84' lang='lat' dir='ltr'>Ecclesiarum</span> <span class='ocrx_word' id='word_1_120' title='bbox 1125 1714 1187 1782; x_wconf 68' lang='lat' dir='ltr'>lic-⁶</span> 
     </span>
     <span class='ocr_line' id='line_1_18' title="bbox 84 1802 1185 1871; baseline -0.009 0"><span class='ocrx_word' id='word_1_121' title='bbox 84 1806 199 1871; x_wconf 88' lang='lat' dir='ltr'>nedici</span> <span class='ocrx_word' id='word_1_122' title='bbox 217 1804 347 1871; x_wconf 89' lang='lat' dir='ltr'>debent.</span> <span class='ocrx_word' id='word_1_123' title='bbox 366 1802 448 1869; x_wconf 85' lang='lat' dir='ltr'>ibid.</span> <span class='ocrx_word' id='word_1_124' title='bbox 1122 1840 1125 1847; x_wconf 83' lang='lat'><em>·</em></span> <span class='ocrx_word' id='word_1_125' title='bbox 1182 1854 1185 1861; x_wconf 28' lang='grc' dir='ltr'><strong>ι</strong></span> 
     </span>
     <span class='ocr_line' id='line_1_19' title="bbox 133 1886 1186 1981; baseline -0.001 -27"><span class='ocrx_word' id='word_1_126' title='bbox 133 1891 239 1956; x_wconf 84' lang='lat' dir='ltr'>Potest</span> <span class='ocrx_word' id='word_1_127' title='bbox 256 1891 282 1955; x_wconf 90' lang='lat' dir='ltr'>E</span> <span class='ocrx_word' id='word_1_128' title='bbox 308 1893 372 1956; x_wconf 89' lang='lat' dir='ltr'>isco</span> <span class='ocrx_word' id='word_1_129' title='bbox 397 1912 434 1956; x_wconf 92' lang='lat' dir='ltr'>us</span> <span class='ocrx_word' id='word_1_130' title='bbox 449 1889 643 1978; x_wconf 80' lang='lat' dir='ltr'>suspendere</span> <span class='ocrx_word' id='word_1_131' title='bbox 657 1910 773 1955; x_wconf 89' lang='lat' dir='ltr'>sonum</span> <span class='ocrx_word' id='word_1_132' title='bbox 789 1907 1036 1978; x_wconf 64' lang='lat' dir='ltr'>campanarum</span> <span class='ocrx_word' id='word_1_133' title='bbox 1055 1909 1127 1981; x_wconf 84' lang='lat' dir='ltr'>quae</span> <span class='ocrx_word' id='word_1_134' title='bbox 1145 1886 1186 1953; x_wconf 86' lang='lat' dir='ltr'>ab</span> 
     </span>
     <span class='ocr_line' id='line_1_20' title="bbox 84 1910 1189 2068; baseline -0.003 -25"><span class='ocrx_word' id='word_1_135' title='bbox 84 1974 254 2068; x_wconf 83' lang='lat' dir='ltr'>Episcopo</span> <span class='ocrx_word' id='word_1_136' title='bbox 276 1910 454 2043; x_wconf 63' lang='lat' dir='ltr'>benedicte</span> <span class='ocrx_word' id='word_1_137' title='bbox 471 1997 538 2041; x_wconf 89' lang='lat' dir='ltr'>non</span> <span class='ocrx_word' id='word_1_138' title='bbox 554 1977 697 2063; x_wconf 84' lang='lat' dir='ltr'>fuerint,</span> <span class='ocrx_word' id='word_1_139' title='bbox 715 1992 753 2041; x_wconf 89' lang='lat' dir='ltr'>ut</span> <span class='ocrx_word' id='word_1_140' title='bbox 768 1998 808 2040; x_wconf 85' lang='lat' dir='ltr'>ex</span> <span class='ocrx_word' id='word_1_141' title='bbox 825 1975 969 2057; x_wconf 79' lang='lat' dir='ltr'>Decretis</span> <span class='ocrx_word' id='word_1_142' title='bbox 984 1973 1088 2041; x_wconf 83' lang='lat' dir='ltr'>Saerae</span> <span class='ocrx_word' id='word_1_143' title='bbox 1104 1974 1189 2040; x_wconf 59' lang='lat' dir='ltr'>Con⁴</span> 
     </span>
     <span class='ocr_line' id='line_1_21' title="bbox 83 2063 399 2151; baseline -0.003 -22"><span class='ocrx_word' id='word_1_144' title='bbox 83 2065 298 2151; x_wconf 72' lang='lat' dir='ltr'>gregationis.</span> <span class='ocrx_word' id='word_1_145' title='bbox 317 2063 399 2128; x_wconf 85' lang='lat' dir='ltr'>ibid.</span> 
     </span>
    </p>

    <p class='ocr_par' dir='ltr' id='par_1_6' title="bbox 63 2142 1286 4316">
     <span class='ocr_line' id='line_1_22' title="bbox 132 2142 1286 2240; baseline -0.003 -24"><span class='ocrx_word' id='word_1_146' title='bbox 132 2151 398 2217; x_wconf 78' lang='lat' dir='ltr'>benedictionum</span> <span class='ocrx_word' id='word_1_147' title='bbox 421 2172 600 2240; x_wconf 83' lang='lat' dir='ltr'>equorum,</span> <span class='ocrx_word' id='word_1_148' title='bbox 619 2163 649 2219; x_wconf 91' lang='lat' dir='ltr'>et</span> <span class='ocrx_word' id='word_1_149' title='bbox 672 2146 809 2215; x_wconf 85' lang='lat' dir='ltr'>aliorum</span> <span class='ocrx_word' id='word_1_150' title='bbox 824 2142 1013 2214; x_wconf 83' lang='lat' dir='ltr'>animalium</span> <span class='ocrx_word' id='word_1_151' title='bbox 1028 2146 1082 2211; x_wconf 88' lang='lat' dir='ltr'>dic</span> <span class='ocrx_word' id='word_1_152' title='bbox 1107 2146 1188 2213; x_wconf 84' lang='lat' dir='ltr'>festa</span> <span class='ocrx_word' id='word_1_153' title='bbox 1284 2174 1286 2183; x_wconf 32' lang='grc' dir='ltr'><strong>ι</strong></span> 
     </span>
     <span class='ocr_line' id='line_1_23' title="bbox 82 2231 1183 2305; baseline -0.013 0"><span class='ocrx_word' id='word_1_154' title='bbox 82 2233 122 2305; x_wconf 78' lang='lat' dir='ltr'>S.</span> <span class='ocrx_word' id='word_1_155' title='bbox 141 2237 276 2303; x_wconf 80' lang='lat' dir='ltr'>Antonii</span> <span class='ocrx_word' id='word_1_156' title='bbox 295 2235 427 2304; x_wconf 84' lang='lat' dir='ltr'>Abbatis</span> <span class='ocrx_word' id='word_1_157' title='bbox 443 2232 581 2303; x_wconf 78' lang='lat' dir='ltr'>termula</span> <span class='ocrx_word' id='word_1_158' title='bbox 596 2235 744 2302; x_wconf 82' lang='lat' dir='ltr'>habetur.</span> <span class='ocrx_word' id='word_1_159' title='bbox 763 2231 985 2300; x_wconf 74' lang='lat' dir='ltr'>lust.·Eccl.4</span> <span class='ocrx_word' id='word_1_160' title='bbox 1026 2255 1060 2298; x_wconf 86' lang='grc' dir='ltr'>ιι.</span> <span class='ocrx_word' id='word_1_161' title='bbox 1083 2252 1125 2297; x_wconf 76' lang='lat'>12</span> <span class='ocrx_word' id='word_1_162' title='bbox 1179 2284 1183 2291; x_wconf 89' lang='lat'>.</span> 
     </span>
     <span class='ocr_line' id='line_1_24' title="bbox 132 2257 1171 2404; baseline -0.004 -16"><span class='ocrx_word' id='word_1_163' title='bbox 132 2324 377 2389; x_wconf 80' lang='lat' dir='ltr'>benedictiones</span> <span class='ocrx_word' id='word_1_164' title='bbox 392 2325 426 2388; x_wconf 89' lang='lat' dir='ltr'>in</span> <span class='ocrx_word' id='word_1_165' title='bbox 443 2345 589 2404; x_wconf 87' lang='lat' dir='ltr'>vermes,</span> <span class='ocrx_word' id='word_1_166' title='bbox 605 2339 635 2389; x_wconf 90' lang='lat' dir='ltr'>ct</span> <span class='ocrx_word' id='word_1_167' title='bbox 653 2325 771 2388; x_wconf 86' lang='lat' dir='ltr'>insecta</span> <span class='ocrx_word' id='word_1_168' title='bbox 787 2320 960 2386; x_wconf 88' lang='lat' dir='ltr'>habentur.</span> <span class='ocrx_word' id='word_1_169' title='bbox 975 2257 1020 2384; x_wconf 83' lang='lat' dir='ltr'>ib.</span> <span class='ocrx_word' id='word_1_170' title='bbox 1033 2343 1066 2383; x_wconf 90' lang='lat' dir='ltr'>n.</span> <span class='ocrx_word' id='word_1_171' title='bbox 1083 2339 1136 2385; x_wconf 69' lang='grc' dir='ltr'><strong>ιο.</strong></span> <span class='ocrx_word' id='word_1_172' title='bbox 1170 2340 1171 2344; x_wconf 71' lang='grc'>’</span> 
     </span>
     <span class='ocr_line' id='line_1_25' title="bbox 134 2404 1187 2500; baseline -0.002 -26"><span class='ocrx_word' id='word_1_173' title='bbox 134 2409 410 2495; x_wconf 88' lang='lat' dir='ltr'>Benedictiones‚</span> <span class='ocrx_word' id='word_1_174' title='bbox 436 2431 509 2474; x_wconf 88' lang='lat' dir='ltr'>cum</span> <span class='ocrx_word' id='word_1_175' title='bbox 531 2409 717 2500; x_wconf 71' lang='lat' dir='ltr'>Reliquus,</span> <span class='ocrx_word' id='word_1_176' title='bbox 753 2430 818 2474; x_wconf 89' lang='lat' dir='ltr'>non</span> <span class='ocrx_word' id='word_1_177' title='bbox 844 2429 908 2473; x_wconf 90' lang='lat' dir='ltr'>esse</span> <span class='ocrx_word' id='word_1_178' title='bbox 937 2404 1187 2495; x_wconf 83' lang='lat' dir='ltr'>improbandas,</span> 
     </span>
     <span class='ocr_line' id='line_1_26' title="bbox 84 2493 1187 2588; baseline -0.002 -27"><span class='ocrx_word' id='word_1_179' title='bbox 84 2494 250 2588; x_wconf 70' lang='lat' dir='ltr'>quidquid</span> <span class='ocrx_word' id='word_1_180' title='bbox 276 2494 387 2562; x_wconf 87' lang='lat' dir='ltr'>dicant</span> <span class='ocrx_word' id='word_1_181' title='bbox 411 2493 590 2582; x_wconf 89' lang='lat' dir='ltr'>nonnulli,</span> <span class='ocrx_word' id='word_1_182' title='bbox 616 2519 656 2561; x_wconf 81' lang='lat' dir='ltr'>ex</span> <span class='ocrx_word' id='word_1_183' title='bbox 680 2496 773 2586; x_wconf 80' lang='lat' dir='ltr'>praxi</span> <span class='ocrx_word' id='word_1_184' title='bbox 799 2495 895 2560; x_wconf 78' lang='lat' dir='ltr'>etiirm</span> <span class='ocrx_word' id='word_1_185' title='bbox 919 2494 1030 2559; x_wconf 79' lang='lat' dir='ltr'>Rome</span> <span class='ocrx_word' id='word_1_186' title='bbox 1058 2508 1187 2582; x_wconf 76' lang='lat' dir='ltr'>recepta</span> 
     </span>
     <span class='ocr_line' id='line_1_27' title="bbox 82 2581 965 2676; baseline -0.005 -27"><span class='ocrx_word' id='word_1_187' title='bbox 82 2582 255 2676; x_wconf 85' lang='lat' dir='ltr'>probatur.</span> <span class='ocrx_word' id='word_1_188' title='bbox 275 2581 356 2663; x_wconf 87' lang='lat' dir='ltr'>ibid.</span> <span class='ocrx_word' id='word_1_189' title='bbox 375 2604 410 2648; x_wconf 89' lang='lat' dir='ltr'>n.</span> <span class='ocrx_word' id='word_1_190' title='bbox 431 2584 484 2663; x_wconf 80' lang='lat'>26.</span> <span class='ocrx_word' id='word_1_191' title='bbox 773 2606 776 2617; x_wconf 63' lang='grc'>’</span> <span class='ocrx_word' id='word_1_192' title='bbox 834 2586 837 2589; x_wconf 80' lang='grc'><strong>’</strong></span> <span class='ocrx_word' id='word_1_193' title='bbox 960 2612 965 2620; x_wconf 97' lang='grc'>-</span> 
     </span>
     <span class='ocr_line' id='line_1_28' title="bbox 91 2663 1188 2769; baseline -0.005 -35"><span class='ocrx_word' id='word_1_194' title='bbox 91 2679 96 2715; x_wconf 78' lang='grc' dir='ltr'>ἱ</span> <span class='ocrx_word' id='word_1_195' title='bbox 134 2667 596 2738; x_wconf 74' lang='lat' dir='ltr'>ln&#39;BenedictionePontificia</span> <span class='ocrx_word' id='word_1_196' title='bbox 613 2664 901 2769; x_wconf 86' lang='lat' dir='ltr'>superpopulum,</span> <span class='ocrx_word' id='word_1_197' title='bbox 958 2663 1188 2757; x_wconf 83' lang='lat' dir='ltr'>aequibusdam</span> 
     </span>
     <span class='ocr_line' id='line_1_29' title="bbox 85 2689 1215 2859; baseline -0.005 -37"><span class='ocrx_word' id='word_1_198' title='bbox 85 2753 304 2843; x_wconf 77' lang='lat' dir='ltr'>Regularibus</span> <span class='ocrx_word' id='word_1_199' title='bbox 322 2753 493 2859; x_wconf 73' lang='lat' dir='ltr'>aliquoties</span> <span class='ocrx_word' id='word_1_200' title='bbox 510 2758 543 2819; x_wconf 92' lang='lat' dir='ltr'>in</span> <span class='ocrx_word' id='word_1_201' title='bbox 563 2778 649 2821; x_wconf 90' lang='lat' dir='ltr'>anno</span> <span class='ocrx_word' id='word_1_202' title='bbox 671 2778 710 2821; x_wconf 82' lang='lat' dir='ltr'>ex</span> <span class='ocrx_word' id='word_1_203' title='bbox 731 2689 1035 2845; x_wconf 43' lang='lat' dir='ltr'>privilegioldbtur,</span> <span class='ocrx_word' id='word_1_204' title='bbox 1053 2753 1190 2816; x_wconf 82' lang='lat' dir='ltr'>unicum</span> <span class='ocrx_word' id='word_1_205' title='bbox 1213 2756 1215 2763; x_wconf 79' lang='grc'><strong>“</strong></span> 
     </span>
     <span class='ocr_line' id='line_1_30' title="bbox 85 2835 1186 2929; baseline -0.007 -20"><span class='ocrx_word' id='word_1_206' title='bbox 85 2845 217 2909; x_wconf 79' lang='lat' dir='ltr'>tantum</span> <span class='ocrx_word' id='word_1_207' title='bbox 234 2842 346 2908; x_wconf 86' lang='lat' dir='ltr'>Crucis</span> <span class='ocrx_word' id='word_1_208' title='bbox 359 2864 485 2929; x_wconf 79' lang='lat' dir='ltr'>signum</span> <span class='ocrx_word' id='word_1_209' title='bbox 503 2843 708 2908; x_wconf 86' lang='lat' dir='ltr'>formandum</span> <span class='ocrx_word' id='word_1_210' title='bbox 722 2858 769 2908; x_wconf 90' lang='lat' dir='ltr'>est</span> <span class='ocrx_word' id='word_1_211' title='bbox 784 2862 873 2906; x_wconf 84' lang='lat' dir='ltr'>more</span> <span class='ocrx_word' id='word_1_212' title='bbox 887 2835 1098 2923; x_wconf 85' lang='lat' dir='ltr'>sacerdotali,</span> <span class='ocrx_word' id='word_1_213' title='bbox 1117 2860 1186 2911; x_wconf 86' lang='lat' dir='ltr'>non</span> 
     </span>
     <span class='ocr_line' id='line_1_31' title="bbox 86 2924 1185 3020; baseline -0.005 -25"><span class='ocrx_word' id='word_1_214' title='bbox 86 2930 150 2995; x_wconf 88' lang='lat' dir='ltr'>tria</span> <span class='ocrx_word' id='word_1_215' title='bbox 170 2948 259 2995; x_wconf 84' lang='lat' dir='ltr'>more</span> <span class='ocrx_word' id='word_1_216' title='bbox 282 2926 478 3020; x_wconf 85' lang='lat' dir='ltr'>Episcopali.</span> <span class='ocrx_word' id='word_1_217' title='bbox 497 2926 629 3019; x_wconf 78' lang='lat' dir='ltr'>Encycl.</span> <span class='ocrx_word' id='word_1_218' title='bbox 648 2924 834 3018; x_wconf 80' lang='lat' dir='ltr'>Exemplis,</span> <span class='ocrx_word' id='word_1_219' title='bbox 851 2924 970 2993; x_wconf 86' lang='lat' dir='ltr'>Bullar.</span> <span class='ocrx_word' id='word_1_220' title='bbox 986 2942 1048 2992; x_wconf 79' lang='lat' dir='ltr'>t..2</span> <span class='ocrx_word' id='word_1_221' title='bbox 1068 2947 1102 2990; x_wconf 93' lang='grc' dir='ltr'>ιι.</span> <span class='ocrx_word' id='word_1_222' title='bbox 1128 2924 1185 3005; x_wconf 73' lang='lat'>43.</span> 
     </span>
     <span class='ocr_line' id='line_1_32' title="bbox 133 3009 1188 3114; baseline -0.008 -32"><span class='ocrx_word' id='word_1_223' title='bbox 133 3014 162 3082; x_wconf 85' lang='lat' dir='ltr'><strong>F</strong></span> <span class='ocrx_word' id='word_1_224' title='bbox 162 3014 332 3093; x_wconf 83' lang='lat' dir='ltr'>acuitatem</span> <span class='ocrx_word' id='word_1_225' title='bbox 346 3015 557 3096; x_wconf 88' lang='lat' dir='ltr'>benedicendi</span> <span class='ocrx_word' id='word_1_226' title='bbox 578 3015 749 3081; x_wconf 85' lang='lat' dir='ltr'>morituros</span> <span class='ocrx_word' id='word_1_227' title='bbox 762 3032 834 3080; x_wconf 90' lang='lat' dir='ltr'>cum</span> <span class='ocrx_word' id='word_1_228' title='bbox 845 3012 989 3114; x_wconf 84' lang='lat' dir='ltr'>plenaria</span> <span class='ocrx_word' id='word_1_229' title='bbox 1005 3009 1188 3097; x_wconf 49' lang='lat' dir='ltr'>indulgen-x</span> 
     </span>
     <span class='ocr_line' id='line_1_33' title="bbox 63 3097 1190 3191; baseline -0.003 -24"><span class='ocrx_word' id='word_1_230' title='bbox 63 3180 68 3187; x_wconf 26' lang='grc' dir='ltr'><strong><em>Ι</em></strong></span> <span class='ocrx_word' id='word_1_231' title='bbox 90 3103 159 3188; x_wconf 78' lang='lat' dir='ltr'>tia,</span> <span class='ocrx_word' id='word_1_232' title='bbox 198 3125 273 3167; x_wconf 88' lang='lat' dir='ltr'>uam</span> <span class='ocrx_word' id='word_1_233' title='bbox 289 3104 457 3169; x_wconf 84' lang='lat' dir='ltr'>Antistites</span> <span class='ocrx_word' id='word_1_234' title='bbox 473 3098 685 3167; x_wconf 86' lang='lat' dir='ltr'>Ecclesiarum</span> <span class='ocrx_word' id='word_1_235' title='bbox 703 3124 776 3167; x_wconf 91' lang='lat' dir='ltr'>cum</span> <span class='ocrx_word' id='word_1_236' title='bbox 792 3098 944 3191; x_wconf 79' lang='lat' dir='ltr'>Epistolis</span> <span class='ocrx_word' id='word_1_237' title='bbox 956 3102 990 3165; x_wconf 92' lang='lat' dir='ltr'>in</span> <span class='ocrx_word' id='word_1_238' title='bbox 1007 3100 1109 3164; x_wconf 83' lang='lat' dir='ltr'>forma</span> <span class='ocrx_word' id='word_1_239' title='bbox 1119 3097 1190 3164; x_wconf 80' lang='lat' dir='ltr'>bre·</span> 
     </span>
     <span class='ocr_line' id='line_1_34' title="bbox 88 3124 1186 3276; baseline -0.006 -20"><span class='ocrx_word' id='word_1_240' title='bbox 88 3192 142 3256; x_wconf 76' lang='lat' dir='ltr'>vis</span> <span class='ocrx_word' id='word_1_241' title='bbox 158 3124 199 3256; x_wconf 79' lang='lat' dir='ltr'>ad</span> <span class='ocrx_word' id='word_1_242' title='bbox 217 3190 394 3255; x_wconf 87' lang='lat' dir='ltr'>triennium</span> <span class='ocrx_word' id='word_1_243' title='bbox 419 3188 651 3275; x_wconf 85' lang='lat' dir='ltr'>obtinuerunt,</span> <span class='ocrx_word' id='word_1_244' title='bbox 677 3189 718 3255; x_wconf 89' lang='lat' dir='ltr'>ad</span> <span class='ocrx_word' id='word_1_245' title='bbox 735 3204 839 3254; x_wconf 89' lang='lat' dir='ltr'>totum</span> <span class='ocrx_word' id='word_1_246' title='bbox 858 3185 939 3253; x_wconf 89' lang='lat' dir='ltr'>illud</span> <span class='ocrx_word' id='word_1_247' title='bbox 955 3203 1099 3276; x_wconf 88' lang='lat' dir='ltr'>tempus,</span> <span class='ocrx_word' id='word_1_248' title='bbox 1120 3206 1186 3276; x_wconf 85' lang='lat' dir='ltr'>quo</span> 
     </span>
     <span class='ocr_line' id='line_1_35' title="bbox 89 3271 1186 3366; baseline -0.006 -24"><span class='ocrx_word' id='word_1_249' title='bbox 89 3276 128 3342; x_wconf 87' lang='lat' dir='ltr'>in</span> <span class='ocrx_word' id='word_1_250' title='bbox 149 3297 186 3341; x_wconf 88' lang='lat' dir='ltr'>ea</span> <span class='ocrx_word' id='word_1_251' title='bbox 204 3275 338 3341; x_wconf 81' lang='lat' dir='ltr'>Dieeesi</span> <span class='ocrx_word' id='word_1_252' title='bbox 358 3274 634 3366; x_wconf 83' lang='lat' dir='ltr'>perseverabunt,</span> <span class='ocrx_word' id='word_1_253' title='bbox 664 3297 762 3364; x_wconf 86' lang='lat' dir='ltr'>prore</span> <span class='ocrx_word' id='word_1_254' title='bbox 786 3291 817 3339; x_wconf 87' lang='lat' dir='ltr'>at</span> <span class='ocrx_word' id='word_1_255' title='bbox 833 3274 1024 3340; x_wconf 76' lang='lat' dir='ltr'>benedictus</span> <span class='ocrx_word' id='word_1_256' title='bbox 1040 3271 1129 3338; x_wconf 85' lang='lat' dir='ltr'>XIV.</span> <span class='ocrx_word' id='word_1_257' title='bbox 1150 3274 1186 3336; x_wconf 88' lang='lat' dir='ltr'>in</span> 
     </span>
     <span class='ocr_line' id='line_1_36' title="bbox 87 3357 1185 3453; baseline -0.006 -24"><span class='ocrx_word' id='word_1_258' title='bbox 87 3358 223 3453; x_wconf 75' lang='lat' dir='ltr'>Encycl.</span> <span class='ocrx_word' id='word_1_259' title='bbox 241 3361 281 3428; x_wconf 89' lang='lat' dir='ltr'>ad</span> <span class='ocrx_word' id='word_1_260' title='bbox 300 3382 409 3429; x_wconf 90' lang='lat' dir='ltr'>onmes</span> <span class='ocrx_word' id='word_1_261' title='bbox 432 3362 599 3443; x_wconf 84' lang='lat' dir='ltr'>Antistites</span> <span class='ocrx_word' id='word_1_262' title='bbox 615 3361 685 3429; x_wconf 79' lang='lat' dir='ltr'>l‘lA</span> <span class='ocrx_word' id='word_1_263' title='bbox 703 3360 770 3445; x_wconf 79' lang='lat' dir='ltr'>MA</span> <span class='ocrx_word' id='word_1_264' title='bbox 801 3360 857 3426; x_wconf 81' lang='lat' dir='ltr'>ER</span> <span class='ocrx_word' id='word_1_265' title='bbox 875 3376 936 3426; x_wconf 88' lang='lat' dir='ltr'>etc.</span> <span class='ocrx_word' id='word_1_266' title='bbox 953 3357 1185 3425; x_wconf 83' lang='lat' dir='ltr'>Buliar..Tom.</span> 
     </span>
     <span class='ocr_line' id='line_1_37' title="bbox 86 3441 1246 3538; baseline -0.008 -23"><span class='ocrx_word' id='word_1_267' title='bbox 86 3446 132 3515; x_wconf 82' lang='grc' dir='ltr'>ΙΙ.</span> <span class='ocrx_word' id='word_1_268' title='bbox 149 3471 185 3515; x_wconf 93' lang='grc' dir='ltr'>ιι.</span> <span class='ocrx_word' id='word_1_269' title='bbox 203 3448 305 3514; x_wconf 65' lang='lat' dir='ltr'>bime</span> <span class='ocrx_word' id='word_1_270' title='bbox 317 3449 352 3513; x_wconf 92' lang='lat' dir='ltr'>in</span> <span class='ocrx_word' id='word_1_271' title='bbox 367 3464 547 3538; x_wconf 81' lang='lat' dir='ltr'>posterum,</span> <span class='ocrx_word' id='word_1_272' title='bbox 564 3449 606 3514; x_wconf 84' lang='lat' dir='ltr'>itb</span> <span class='ocrx_word' id='word_1_273' title='bbox 622 3462 686 3514; x_wconf 80' lang='lat' dir='ltr'>esse</span> <span class='ocrx_word' id='word_1_274' title='bbox 702 3447 918 3537; x_wconf 80' lang='lat' dir='ltr'>expediendas</span> <span class='ocrx_word' id='word_1_275' title='bbox 933 3443 1099 3517; x_wconf 78' lang='lat' dir='ltr'>facultates</span> <span class='ocrx_word' id='word_1_276' title='bbox 1116 3441 1186 3525; x_wconf 88' lang='lat' dir='ltr'>illas</span> <span class='ocrx_word' id='word_1_277' title='bbox 1244 3466 1246 3473; x_wconf 94' lang='lat'>·</span> 
     </span>
     <span class='ocr_line' id='line_1_38' title="bbox 88 3529 1186 3626; baseline -0.008 -24"><span class='ocrx_word' id='word_1_278' title='bbox 88 3534 287 3610; x_wconf 82' lang='lat' dir='ltr'>denuntiat,</span> <span class='ocrx_word' id='word_1_279' title='bbox 304 3556 418 3626; x_wconf 86' lang='lat' dir='ltr'>easque</span> <span class='ocrx_word' id='word_1_280' title='bbox 433 3535 554 3625; x_wconf 81' lang='lat' dir='ltr'>pariter</span> <span class='ocrx_word' id='word_1_281' title='bbox 568 3555 753 3617; x_wconf 86' lang='lat' dir='ltr'>communes</span> <span class='ocrx_word' id='word_1_282' title='bbox 769 3554 833 3598; x_wconf 84' lang='lat' dir='ltr'>esse</span> <span class='ocrx_word' id='word_1_283' title='bbox 850 3530 922 3599; x_wconf 82' lang='lat' dir='ltr'>vult</span> <span class='ocrx_word' id='word_1_284' title='bbox 938 3529 1078 3597; x_wconf 83' lang='lat' dir='ltr'>Praelatis</span> <span class='ocrx_word' id='word_1_285' title='bbox 1092 3530 1186 3594; x_wconf 84' lang='lat' dir='ltr'>infe·-</span> 
     </span>
     <span class='ocr_line' id='line_1_39' title="bbox 88 3615 1188 3708; baseline -0.009 -18"><span class='ocrx_word' id='word_1_286' title='bbox 88 3621 234 3690; x_wconf 80' lang='lat' dir='ltr'>tioribus</span> <span class='ocrx_word' id='word_1_287' title='bbox 249 3622 446 3687; x_wconf 87' lang='lat' dir='ltr'>territorium</span> <span class='ocrx_word' id='word_1_288' title='bbox 462 3642 494 3687; x_wconf 90' lang='lat' dir='ltr'>se</span> <span class='ocrx_word' id='word_1_289' title='bbox 518 3637 640 3688; x_wconf 79' lang='lat' dir='ltr'>uratum</span> <span class='ocrx_word' id='word_1_290' title='bbox 658 3618 851 3703; x_wconf 77' lang='lat' dir='ltr'>habentibus</span> <span class='ocrx_word' id='word_1_291' title='bbox 861 3641 934 3684; x_wconf 90' lang='lat' dir='ltr'>curn</span> <span class='ocrx_word' id='word_1_292' title='bbox 950 3615 1103 3708; x_wconf 82' lang='lat' dir='ltr'>qualitate</span> <span class='ocrx_word' id='word_1_293' title='bbox 1112 3615 1188 3680; x_wconf 78' lang='lat' dir='ltr'>nul-</span> 
     </span>
     <span class='ocr_line' id='line_1_40' title="bbox 88 3642 1187 3798; baseline -0.007 -24"><span class='ocrx_word' id='word_1_294' title='bbox 88 3709 173 3795; x_wconf 79' lang='lat' dir='ltr'>lius,</span> <span class='ocrx_word' id='word_1_295' title='bbox 191 3725 223 3774; x_wconf 89' lang='lat' dir='ltr'>et</span> <span class='ocrx_word' id='word_1_296' title='bbox 237 3708 341 3775; x_wconf 73' lang='lat' dir='ltr'>activa</span> <span class='ocrx_word' id='word_1_297' title='bbox 358 3709 392 3773; x_wconf 90' lang='lat' dir='ltr'>in</span> <span class='ocrx_word' id='word_1_298' title='bbox 409 3642 566 3798; x_wconf 81' lang='lat' dir='ltr'>populum</span> <span class='ocrx_word' id='word_1_299' title='bbox 600 3723 631 3773; x_wconf 90' lang='lat' dir='ltr'>et</span> <span class='ocrx_word' id='word_1_300' title='bbox 647 3703 776 3773; x_wconf 77' lang='lat' dir='ltr'>Cierum</span> <span class='ocrx_word' id='word_1_301' title='bbox 789 3706 1028 3771; x_wconf 81' lang='lat' dir='ltr'>iurisdictione.</span> <span class='ocrx_word' id='word_1_302' title='bbox 1045 3703 1102 3767; x_wconf 90' lang='lat' dir='ltr'>His</span> <span class='ocrx_word' id='word_1_303' title='bbox 1112 3724 1187 3768; x_wconf 85' lang='lat' dir='ltr'>om-</span> 
     </span>
     <span class='ocr_line' id='line_1_41' title="bbox 85 3755 1187 3881; baseline -0.009 -19"><span class='ocrx_word' id='word_1_304' title='bbox 85 3793 187 3862; x_wconf 77' lang='lat' dir='ltr'>nibus</span> <span class='ocrx_word' id='word_1_305' title='bbox 202 3794 257 3861; x_wconf 90' lang='lat' dir='ltr'>dat</span> <span class='ocrx_word' id='word_1_306' title='bbox 272 3789 457 3875; x_wconf 83' lang='lat' dir='ltr'>faculiatem</span> <span class='ocrx_word' id='word_1_307' title='bbox 470 3755 719 3880; x_wconf 78' lang='lat' dir='ltr'>subdeiegandi‚</span> <span class='ocrx_word' id='word_1_308' title='bbox 737 3808 774 3857; x_wconf 91' lang='lat' dir='ltr'>ut</span> <span class='ocrx_word' id='word_1_309' title='bbox 790 3784 866 3881; x_wconf 80' lang='lat' dir='ltr'>ipsis</span> <span class='ocrx_word' id='word_1_310' title='bbox 884 3790 1187 3881; x_wconf 85' lang='lat' dir='ltr'>quomodocumque</span> 
     </span>
     <span class='ocr_line' id='line_1_42' title="bbox 86 3877 1186 3973; baseline -0.008 -25"><span class='ocrx_word' id='word_1_311' title='bbox 86 3881 272 3973; x_wconf 86' lang='lat' dir='ltr'>impeditis,</span> <span class='ocrx_word' id='word_1_312' title='bbox 287 3881 383 3949; x_wconf 79' lang='lat' dir='ltr'>etibm</span> <span class='ocrx_word' id='word_1_313' title='bbox 398 3880 516 3962; x_wconf 72' lang='lat' dir='ltr'>diusmo</span> <span class='ocrx_word' id='word_1_314' title='bbox 533 3899 676 3972; x_wconf 83' lang='lat' dir='ltr'>ternpore</span> <span class='ocrx_word' id='word_1_315' title='bbox 691 3879 912 3970; x_wconf 27' lang='lat' dir='ltr'>possint-hanc</span> <span class='ocrx_word' id='word_1_316' title='bbox 926 3877 1186 3943; x_wconf 84' lang='lat' dir='ltr'>benedictionem</span> 
     </span>
     <span class='ocr_line' id='line_1_43' title="bbox 87 3952 1186 4063; baseline -0.007 -29"><span class='ocrx_word' id='word_1_317' title='bbox 87 3988 150 4063; x_wconf 84' lang='lat' dir='ltr'>per</span> <span class='ocrx_word' id='word_1_318' title='bbox 167 3964 328 4054; x_wconf 74' lang='lat' dir='ltr'>delegatos</span> <span class='ocrx_word' id='word_1_319' title='bbox 344 3952 484 4054; x_wconf 75' lang='lat' dir='ltr'>elargiri.</span> <span class='ocrx_word' id='word_1_320' title='bbox 504 3967 595 4033; x_wconf 89' lang='lat' dir='ltr'>Hanc</span> <span class='ocrx_word' id='word_1_321' title='bbox 615 3964 850 4053; x_wconf 81' lang='lat' dir='ltr'>delegationem</span> <span class='ocrx_word' id='word_1_322' title='bbox 866 3965 936 4030; x_wconf 85' lang='lat' dir='ltr'>fieri</span> <span class='ocrx_word' id='word_1_323' title='bbox 959 3960 1097 4029; x_wconf 71' lang='lat' dir='ltr'>maximi</span> <span class='ocrx_word' id='word_1_324' title='bbox 1113 3959 1186 4027; x_wconf 81' lang='lat' dir='ltr'>vult</span> 
     </span>
     <span class='ocr_line' id='line_1_44' title="bbox 87 4047 1186 4146; baseline -0.005 -25"><span class='ocrx_word' id='word_1_325' title='bbox 87 4077 149 4146; x_wconf 87' lang='lat' dir='ltr'>per</span> <span class='ocrx_word' id='word_1_326' title='bbox 163 4051 351 4138; x_wconf 80' lang='lat' dir='ltr'>Dioecesim,</span> <span class='ocrx_word' id='word_1_327' title='bbox 363 4069 400 4119; x_wconf 90' lang='lat' dir='ltr'>ut</span> <span class='ocrx_word' id='word_1_328' title='bbox 414 4053 565 4120; x_wconf 87' lang='lat' dir='ltr'>omnibus</span> <span class='ocrx_word' id='word_1_329' title='bbox 575 4070 690 4145; x_wconf 66' lang='lat' dir='ltr'>praesto</span> <span class='ocrx_word' id='word_1_330' title='bbox 703 4074 768 4119; x_wconf 89' lang='lat' dir='ltr'>esse</span> <span class='ocrx_word' id='word_1_331' title='bbox 783 4052 926 4142; x_wconf 86' lang='lat' dir='ltr'>possint,</span> <span class='ocrx_word' id='word_1_332' title='bbox 938 4072 1009 4140; x_wconf 67' lang='lat' dir='ltr'>quae</span> <span class='ocrx_word' id='word_1_333' title='bbox 1025 4047 1186 4134; x_wconf 84' lang='lat' dir='ltr'>delegatio</span> 
     </span>
     <span class='ocr_line' id='line_1_45' title="bbox 87 4136 1186 4230; baseline -0.007 -22"><span class='ocrx_word' id='word_1_334' title='bbox 87 4146 194 4208; x_wconf 75' lang='lat' dir='ltr'>morte</span> <span class='ocrx_word' id='word_1_335' title='bbox 208 4138 384 4226; x_wconf 79' lang='lat' dir='ltr'>delegantis</span> <span class='ocrx_word' id='word_1_336' title='bbox 398 4161 466 4206; x_wconf 88' lang='lat' dir='ltr'>non</span> <span class='ocrx_word' id='word_1_337' title='bbox 482 4142 624 4230; x_wconf 80' lang='lat' dir='ltr'>expiret,</span> <span class='ocrx_word' id='word_1_338' title='bbox 641 4141 696 4211; x_wconf 81' lang='lat' dir='ltr'>sed</span> <span class='ocrx_word' id='word_1_339' title='bbox 734 4152 891 4204; x_wconf 86' lang='lat' dir='ltr'>erseveret</span> <span class='ocrx_word' id='word_1_340' title='bbox 899 4159 1000 4228; x_wconf 80' lang='lat' dir='ltr'>nsque</span> <span class='ocrx_word' id='word_1_341' title='bbox 1013 4136 1053 4199; x_wconf 88' lang='lat' dir='ltr'>ad</span> <span class='ocrx_word' id='word_1_342' title='bbox 1069 4158 1186 4225; x_wconf 80' lang='lat' dir='ltr'>auper-</span> 
     </span>
     <span class='ocr_line' id='line_1_46' title="bbox 87 4222 1189 4316; baseline -0.008 -21"><span class='ocrx_word' id='word_1_343' title='bbox 87 4244 224 4295; x_wconf 74' lang='lat' dir='ltr'>tentum</span> <span class='ocrx_word' id='word_1_344' title='bbox 239 4227 318 4297; x_wconf 81' lang='lat' dir='ltr'>novi</span> <span class='ocrx_word' id='word_1_345' title='bbox 335 4223 499 4304; x_wconf 70' lang='lat' dir='ltr'>Pru-tulis,</span> <span class='ocrx_word' id='word_1_346' title='bbox 517 4228 608 4316; x_wconf 80' lang='lat' dir='ltr'>cujus</span> <span class='ocrx_word' id='word_1_347' title='bbox 624 4226 658 4290; x_wconf 91' lang='lat' dir='ltr'>in</span> <span class='ocrx_word' id='word_1_348' title='bbox 683 4248 718 4291; x_wconf 86' lang='lat' dir='ltr'>ar</span> <span class='ocrx_word' id='word_1_349' title='bbox 742 4225 817 4291; x_wconf 88' lang='lat' dir='ltr'>itrio</span> <span class='ocrx_word' id='word_1_350' title='bbox 841 4238 888 4290; x_wconf 88' lang='lat' dir='ltr'>est</span> <span class='ocrx_word' id='word_1_351' title='bbox 904 4246 956 4289; x_wconf 90' lang='lat' dir='ltr'>eos</span> <span class='ocrx_word' id='word_1_352' title='bbox 976 4222 1189 4304; x_wconf 72' lang='lat' dir='ltr'>condonaret,</span> 
     </span>
    </p>
   </div>
   <div class='ocr_carea' id='block_1_2' title="bbox 86 4302 1187 4421">
    <p class='ocr_par' dir='ltr' id='par_1_7' title="bbox 86 4302 1187 4421">
     <span class='ocr_line' id='line_1_47' title="bbox 86 4302 1187 4421; baseline -0.013 -32"><span class='ocrx_word' id='word_1_353' title='bbox 86 4311 144 4389; x_wconf 70' lang='lat' dir='ltr'>,tel</span> <span class='ocrx_word' id='word_1_354' title='bbox 159 4332 337 4401; x_wconf 73' lang='lat' dir='ltr'>remouere.</span> <span class='ocrx_word' id='word_1_355' title='bbox 362 4302 486 4405; x_wconf 68' lang='lat' dir='ltr'>Qutie‘j</span> <span class='ocrx_word' id='word_1_356' title='bbox 497 4334 604 4398; x_wconf 79' lang='lat' dir='ltr'>porus</span> <span class='ocrx_word' id='word_1_357' title='bbox 628 4308 895 4421; x_wconf 43' lang='lat' dir='ltr'>quidemsP‘raesul</span> <span class='ocrx_word' id='word_1_358' title='bbox 910 4332 1045 4407; x_wconf 79' lang='lat' dir='ltr'>poscere</span> <span class='ocrx_word' id='word_1_359' title='bbox 1058 4307 1187 4379; x_wconf 68' lang='lat' dir='ltr'>debetb</span> 
     </span>
    </p>
   </div>
   <div class='ocr_carea' id='block_1_3' title="bbox 0 0 1476 4717">
    <p class='ocr_par' dir='ltr' id='par_1_8' title="bbox 0 0 1476 4717">
     <span class='ocr_line' id='line_1_48' title="bbox 0 0 1476 4717; baseline 0 0"><span class='ocrx_word' id='word_1_360' title='bbox 0 0 1476 4717; x_wconf 95' lang='lat' dir='ltr'> </span> 
     </span>
    </p>
   </div>
  </div>
 </body>
</html>
