2942 4717
365 280 447 372 Cap.
462 279 520 346 ΠΙ.
537 267 587 347 De
602 279 776 347 ordinibus
791 281 825 345 in
842 282 960 370 specie.
1008 257 1011 262 .
1135 279 1200 369 249

127 389 390 491 Prophetiarum
405 448 414 474 ,
432 408 470 466 et
484 394 750 484 Epistularum.
775 390 951 462 Procrino
969 388 1069 466 illius
1083 390 1201 464 tradi·

129 492 183 561 tio.
206 492 336 563 Forma
362 505 446 564 sunt
474 490 584 563 verbo
604 518 614 560 s
633 490 763 582 Accipe
783 503 820 559 et
840 502 914 559 esto
943 488 1035 559 verbi
1056 489 1127 560 Dei
1141 514 1202 560 re·

126 588 206 658 lotor
228 606 290 664 ete.
322 588 493 662 Officium
525 588 635 690 igitur
669 588 815 660 lectoris
846 600 899 658 est
930 585 1053 684 legere
1082 612 1203 659 sacras

127 685 318 785 Scripturas
333 686 511 782 (intellige
530 691 628 761 extra
643 687 787 766 Missam
806 711 923 774 ‚tuam
941 687 979 757 in
997 686 1102 759 Missa
1121 684 1204 758 offi-

129 783 1205 886 ciumestSubdiaooui)‚acetimeatbecumenosinstrucre..

129 879 247 955 siloes
267 883 351 957 libri
373 886 621 982 Epistularum
647 883 719 957 sive
743 880 955 955 lectionarii
974 882 1205 955 traderentur

130 979 256 1070 biblia,
279 999 341 1055 aut
355 982 606 1072 Bradanum,
628 982 747 1054 valida
771 977 949 1080 quidem,
977 996 1013 1054 et
1029 983 1138 1055 etlbm
1156 980 1205 1054 li-

131 1080 189 1152 cita
202 1096 296 1155 esset
310 1081 502 1156 Ordinatio
520 1107 529 1169 ς
549 1078 653 1154 scobs
672 1084 700 1153 si
721 1080 815 1152 alius
831 1078 938 1152 liber.
969 1157 971 1166 ,

398 1228 516 1303 Sectio
535 1230 598 1305 111.
617 1229 674 1299 De
687 1226 925 1301 Exorcz‘sntu.

22 1436 23 1449 ,
110 1420 129 1474 1
168 1375 417 1450 Esorcistatus
437 1391 490 1449 est
504 1377 612 1466 ordo,
631 1401 697 1475 qno
714 1377 821 1448 detor
828 1388 991 1471 potestas
1008 1372 1212 1474 expellendi
1217 1382 1251 1436 55

21 1460 57 1669 ὦ
124 1471 296 1547 demones
310 1473 356 1546 eb
371 1474 545 1561 obsessis,
563 1501 608 1546 ne
627 1499 690 1547 eos
702 1473 929 1566 rinpediantd
945 1472 1208 1544 Communione.

127 1572 268 1644 Materia
301 1573 449 1644 Remota
480 1588 536 1645 cst
564 1571 658 1646 liber
689 1570 1003 1657 exorcismorum
1034 1570 1211 1642 Proxime

22 1674 24 1742 l
125 1672 197 1765 ejus
213 1668 376 1744 traditio.
398 1672 533 1743 Forma
553 1701 562 1743 ε
580 1671 738 1767 Accipe,
756 1686 791 1740 et
805 1668 898 1739 habe
913 1684 1120 1762 potestatem
1144 1668 1211 1740 tirr-

22 1779 24 1862 'p
122 1766 278 1863 ponendi
292 1794 420 1840 munus
432 1794 537 1868 super
552 1787 801 1866 energumenos
811 1784 875 1838 etc.
892 1766 1126 1840 Exorcismus
1142 1791 1214 1840 au·

23 1943 24 1948 1
125 1878 192 1935 tem
217 1880 275 1938 est
304 1866 460 1939 formula
494 1866 662 1966 quaedam
693 1866 739 1938 ab
769 1864 936 1939 Ecclesia
967 1865 1131 1937 instituta
1164 1863 1212 1938 ad

23 1967 24 2054 l
126 1960 305 2036 demones
320 1965 498 2063 fugandos
514 1969 553 2040 in
570 1967 718 2038 nomine
736 1966 823 2037 iesu
849 1964 998 2037 Christi.
1021 1965 1073 2039 Ut
1098 1963 1214 2061 possit

22 2085 23 2138 3
124 2077 239 2134 autem
271 2065 459 2143 Eroroistu¹
497 2064 708 2152 solemniter
743 2063 973 2145 exorcizare,
1009 2063 1213 2162 requiritur

126 2161 228 2232 etiim
246 2162 394 2236 collatio
411 2163 696 2259 jurisdictionis,
716 2160 790 2234 sire
803 2160 950 2233 licentia
961 2160 1148 2260 Episcopi.
1167 2158 1214 2234 Id

127 2271 246 2331 tamen
274 2287 350 2332 non
371 2276 425 2334 est
441 2260 488 2332 ob
514 2267 571 2361 jus
594 2286 814 2343 commune,
837 2258 902 2332 sed
925 2258 973 2330 ob
991 2258 1213 2359 particulare
1277 2342 1283 2353 K

125 2363 348 2457 praeceptum
385 2359 656 2456 Episco'porum
693 2358 969 2457 prohibentium
1007 2355 1213 2431 exorcisare

21 2486 22 2509 t
125 2453 199 2526 sine
216 2484 283 2530 sua
301 2457 461 2531 licentia.
484 2458 630 2533 Dictum
649 2474 705 2530 est
720 2456 935 2542 solemmter,
953 2482 1040 2527 cum
1058 2454 1215 2553 quisque

21 2542 22 2627 l
125 2552 240 2628 fidelis
265 2568 383 2654 potest
410 2557 781 2657 privatimimperare
807 2552 1058 2638 demonibus,
1078 2579 1125 2628 ne
1142 2571 1217 2625 noi·

21 2658 22 2687 l
126 2669 227 2727 ceant
246 2677 366 2743 ‚ruere
391 2654 595 2753 impediant
625 2653 751 2728 fideles
780 2653 826 2726 ab
849 2651 1059 2726 'actionibus
1086 2652 1215 2726 sacris.

21 2766 22 2817 1
125 2750 235 2848 (Vid.
258 2751 284 2824 l.
303 2752 325 2825 3
346 2780 385 2828 n.
405 2753 486 2850 193.
501 2755 597 2852 App.
618 2752 664 2826 de
678 2751 809 2852 Adiur.
824 2777 862 2824 n.
878 2750 971 2848 IV.)

21 2888 22 2891 ¹
420 2899 539 2974 Sestio
552 2899 618 2975 IV.
631 2896 922 2998 DeAcolyttietu.

171 3042 417 3146 Acolytbatus
445 3064 503 3119 est
530 3049 643 3135 ordo,
670 3073 739 3147 quo
765 3049 869 3118 datur
888 3061 1049 3144 potestas
1078 3040 1265 3145 ferendi&

21 3198 22 3201 ,
129 3140 294 3216 Urceolos
317 3146 368 3218 ed
383 3147 495 3217 ultore
510 3200 519 3232 ‚
536 3163 572 3217 et
595 3145 816 3218 Cendelebm
830 3147 848 3229 ‚'
862 3145 1063 3241 lumrireque'
1083 3144 1120 3214 io
1139 3145 1216 3241 ipso

125 3242 350 3316 accendendi.
366 3246 514 3319 Materia
527 3246 676 3317 Remota
690 3261 778 3317 sunt
787 3242 937 3318 Urceoli
954 3245 1060 3316 vacui
1071 3269 1081 3311 ε
1092 3241 1220 3315 Prosci

126 3363 184 3410 mo
209 3366 339 3415 eorum
364 3343 524 3419 traditio.
555 3345 689 3418 Forma
711 3343 844 3435 Accipe
873 3341 1127 3435 Certffererium
1153 3356 1217 3411 otc.¹

127 3449 237 3536 atque
255 3494 265 3526 ‚
281 3441 411 3538 Accipe
435 3441 602 3538 Urceolos
620 3497 629 3527 ‚
647 3457 714 3514 eto.
732 3442 822 3514 Utra
853 3465 897 3512 ue
915 3440 1066 3511 materia
1085 3451 1140 3510 cst
1158 3464 1220 3510 es·
1257 3437 1258 3442 ’

127 3536 315 3623 scutiolis,
337 3539 403 3613 sed
428 3540 587 3612 nobilior
609 3553 697 3612 sunt
719 3466 897 3624 Urcedli,
923 3537 1011 3635 quia
1039 3538 1167 3608 vinum
1183 3547 1222 3609 et

128 3637 223 3732 aqua
241 3636 353 3732 magis
366 3653 452 3712 sunt
467 3638 515 3711 ad
531 3639 678 3714 Missam
691 3638 904 3711 necessaria.
923 3636 990 3709 Hoe
1004 3649 1127 3707 autem
1142 3659 1221 3706 ma·

129 3735 233 3808 terim
267 3750 354 3809 suut
386 3737 558 3835 partiales
599 3764 712 3809 unam
752 3736 903 3810 totalem
941 3734 1220 3808 constituentes.

126 3828 325 3907 Character
344 3834 427 3908 verb
445 3861 518 3908 non
535 3839 573 3909 in
589 3833 822 3923 candelabri,
843 3834 909 3909 sed
930 3833 968 3906 in
985 3829 1221 3905 urceolorum

126 3928 324 4005 traditione
337 3933 580 4032 imprimitur,
598 3935 683 4034 quia
696 3936 736 4010 in
748 3959 791 4012 ea
803 3930 1045 4038 principalior
1061 3928 1225 4006 traditur
1311 3959 1314 3964 ’

125 4047 287 4138 potestas
306 4032 413 4136 (Lib.
426 4032 452 4109 6
465 4059 503 4108 n.
522 4033 632 4136 745.)
