2942 4717
383 271 466 376 Cap.
480 270 540 338 111.
558 271 609 339 De
624 270 792 342 ordinibus
806 274 841 340 in
855 275 973 363 specie.
1082 331 1084 338 ,
1146 273 1208 346 ⁵51

139 383 261 484 uscire
275 383 404 460 librum'
419 385 675 484 Eprlrtolarum‚
698 400 734 457 et
746 385 837 459 habe
848 399 1058 484 potestatem
1074 385 1217 484 legend!
1316 409 1317 412 ’

138 502 245 557 eas-ea
256 537 268 560 .
281 485 427 581 Duplici
443 487 542 558 enim
555 485 717 564 ¹materias
729 484 865 585 duplex
882 484 1080 558 adhibetur
1095 487 1212 558 forma
1233 497 1235 500 ’

138 584 300 680 partialis.
321 571 491 658 Officium
510 584 731 656 subdiaconi
757 586 883 679 (ultra
905 583 1081 682 praedicta
1099 586 1136 656 in
1153 583 1212 657 al-

137 687 197 754 tari
210 691 225 773 t
239 698 292 754 est
308 682 450 755 deferre
467 686 624 757 Crucem
639 736 649 767 ‚
662 698 699 756 et
712 682 832 756 lavare
847 682 1063 781 corporalia.
1081 685 1213 756 Pecca-

136 794 185 852 ret
198 780 471 866 subdiaconus,
493 785 523 854 si
541 782 679 881 absque
697 779 888 878 manipulo
907 780 1123 855 solemniter
1140 785 1212 854 mia

135 879 296 952 nistraret
318 879 356 952 in
373 880 518 965 Missa,
541 880 608 954 nisi
634 895 780 978 urgeret
806 881 1030 969 necessitas,
1055 894 1096 952 ut
1120 880 1214 954 dicit

32 1017 33 1032 κ
138 976 171 1050 P.
182 978 283 1051 suar.
302 976 348 1051 de
360 979 516 1052 Censor.
531 980 637 1076 Disp.
650 982 709 1072 da.
721 979 737 1075 )
751 981 809 1053 An
824 995 945 1052 autem
959 981 1112 1075 graviter
1128 1003 1213 1075 pec·

136 1087 183 1147 eet
206 1076 460 1151 subdiaconus
485 1076 693 1151 ministrans
720 1081 758 1151 in
784 1076 965 1150 mortali?
990 1077 1085 1150 Vide
1113 1075 1212 1151 dicta

133 1176 235 1273 sopra
263 1200 301 1246 n.
324 1179 376 1268 tri.
390 1174 556 1251 Clericus
571 1185 582 1267 (
600 1175 656 1249 vel
682 1177 791 1249 etism
815 1176 1213 1271 subdiaconus)exer·
1244 1201 1247 1216 ⁴

132 1296 211 1362 cens
228 1273 388 1348 officium
401 1274 626 1349 Subdiaconi
641 1275 719 1348 sine
735 1273 946 1371 manipulo,
961 1273 1017 1347 vel
1034 1300 1120 1349 cum
1138 1300 1214 1347 ma·

29 1443 30 1446 ,
132 1370 284 1468 ripule,
311 1373 378 1446 sed
407 1396 483 1447 non
507 1372 704 1446 intendens
734 1400 778 1446 ex
805 1372 926 1447 ollicio
953 1386 1079 1445 actum
1102 1372 1211 1446 illum

131 1491 312 1557 exercere,
330 1497 406 1544 uon
419 1473 576 1544 incurrit
589 1472 916 1570 irregularitatem
934 1472 1019 1570 quia
1037 1488 1127 1545 tunc
1141 1476 1155 1568 (
1169 1483 1212 1544 ut

28 1587 29 1656 j
94 1638 100 1650 ,
129 1570 173 1640 ait
185 1569 320 1644 Bonae.
334 1574 349 1665 )
363 1585 506 1643 exercet
518 1570 660 1644 tantbm
676 1570 837 1643 officium
849 1574 1018 1644 cantoris.
1032 1570 1162 1654 secbs,
1179 1569 1211 1644 si

28 1717 30 1754 ‚
109 1690 206 1744 eum
221 1667 414 1768 manipulo
434 1663 642 1743 intenderet
659 1694 825 1743 exercere
839 1669 1001 1743 officium
1020 1670 1212 1768 proprium

27 1765 29 1834 Ῐ
126 1762 359 1841 subdiaconi.

28 1857 29 1860 '
170 1863 219 1937 Ut
233 1866 318 1964 quis
335 1864 383 1938 ad
394 1840 705 1941 subdiaconatum
720 1864 1052 1965 possitpromoreri
1065 1920 1075 1954 ‚
1090 1864 1210 1965 requi·
1219 1911 1254 1974 5⁸

127 1960 217 2034 ritur
239 1991 272 2036 r.
290 1980 331 2038 ut
344 1966 390 2037 sit
405 1964 596 2039 ordinatus
611 1970 649 2038 in
665 1964 885 2038 minoribus.
901 1965 1048 2037 2.·AEtas
1067 1990 1125 2039 ar.
1142 1990 1210 2036 an·
1244 1991 1248 1996 ·

26 2105 28 2158 g
125 2083 258 2138 norom
293 2062 579 2161 completorum.
604 2064 638 2138 3.
663 2061 811 2138 Titulus
842 2062 1145 2154 sustentationis(
1165 2061 1213 2135 de

26 2167 28 2186 .
127 2183 196 2257 quo
216 2159 301 2235 ride
325 2160 423 2234 dicta
451 2187 490 2236 n.
516 2161 561 2260 37
583 2161 630 2234 ad
648 2162 802 2266 39.)4.
825 2162 879 2236 Ut
901 2159 1106 2236 tenesciae
1128 2185 1214 2261 quae

124 2261 310 2354 pertinent
336 2259 385 2333 ed
410 2286 517 2332 soum
543 2288 688 2334 munus.
711 2261 746 2333 5.
771 2264 956 2346 Examen,
981 2260 1079 2358 quod
1103 2258 1213 2334 debet

25 2449 26 2456 ἵ
126 2356 275 2454 quidem
294 2358 493 2456 rigorosius
516 2384 593 2456 esse
616 2359 655 2432 in
672 2356 938 2441 subdiaconis,
965 2373 1005 2432 ut
1024 2357 1120 2431 recti
1141 2358 1211 2433 ad-

25 2491 27 2498 ·
124 2457 224 2528 rertit
250 2455 493 2529 Homohonus
513 2458 530 2554 (
550 2455 846 2530 Poenitentiarius
869 2454 908 2527 in
934 2454 1101 2530 Ecclesia
1118 2457 1213 2534 Bon.
1242 2452 1249 2462 ⁸

25 2573 27 2630 1
124 2565 158 2625 et
169 2553 360 2650 signanter
375 2555 472 2628 circi
487 2552 710 2628 subdiaconi
729 2553 971 2653 obligationes
983 2555 1119 2652 nempe·
1131 2579 1211 2628 ser·

25 2649 27 2688 ³
123 2653 228 2726 randi
243 2656 472 2741 castitatem,
488 2653 666 2728 recitandi
678 2653 838 2726 officium
855 2651 1041 2739 ,shabendi
1059 2652 1211 2727 titulum

25 2829 27 2838 .
122 2752 415 2841 sustentationis;
435 2775 579 2824 necnon
604 2752 714 2825 refert
731 2749 982 2845 subdiaconos
1003 2753 1211 2825 examinare

122 2848 214 2923 circi
229 2851 432 2936 Censores,
449 2868 485 2923 et
496 2849 784 2949 Irregularitates
801 2907 809 2928 .
826 2861 984 2948 quarum
997 2849 1211 2948 singulatim·

148 2946 383 3050 rincipaliora
408 2947 617 3024 rudimenta
638 2974 724 3024 mox
746 2949 843 3023 iniri
863 2946 1020 3023 breviter
1040 2973 1214 3023 recense-

122 2973 257 3126 bimos.

310 3193 313 3200 “
435 3194 468 3292 5.
482 3196 513 3271 Ι.
531 3195 589 3267 De
610 3212 687 3268 voto
705 3193 891 3270 costt’tott's.

165 3339 422 3456 subdiaconps
436 3367 481 3415 ex
497 3356 684 3440 precepto
700 3344 735 3414 S.
750 3342 916 3440 Gregorii
933 3339 1042 3441 Papae
1060 3340 1099 3415 in
1118 3364 1150 3416 c.
1174 3364 1258 3437 ²⁸⁵9·

121 3437 212 3514 Dist.
233 3443 280 3513 28
294 3454 441 3533 tenetur
457 3455 583 3515 votum
602 3440 774 3515 castitatis
796 3442 973 3516 emittere.
996 3442 1092 3513 Hinc
1109 3438 1211 3512 obli·

123 3539 216 3632 gotio
229 3538 654 3628 castitatiegffinOrdinatis
670 3540 707 3612 in
725 3541 836 3613 sacris
850 3535 1034 3614 veriorest¹
1046 3538 1211 3612 exvivotl

122 3636 323 3730 Ordinibus
346 3643 476 3710 annexi
495 3694 505 3727 ,
524 3642 636 3738 quim
658 3640 829 3738 precepti
850 3638 1025 3711 Ecclesiae
1040 3694 1047 3718 .
1064 3635 1108 3710 itt
1124 3636 1214 3713 satia
1251 3725 1255 3730 ⁴

122 3734 308 3833 colligitur
323 3762 367 3808 ex
389 3762 429 3807 co
461 3788 471 3807 .
495 3738 589 3810 Cum
612 3736 726 3822 olim,
747 3734 794 3809 de
813 3734 913 3809 Cler.
931 3738 1087 3831 Coniug.
1103 3736 1210 3807 ntra-

119 3856 205 3906 men
220 3833 250 3906 si
265 3833 348 3932 quis
365 3760 546 3916 Ordinem
559 3835 795 3935 suscipiendo
811 3832 979 3933 expresse
994 3832 1113 3906 nollet
1125 3855 1210 3905 cas·

120 3930 258 4004 litatem
271 3957 418 4018 vovere,
435 3947 525 4006 tunc
544 3934 609 4007 iste
626 3934 757 4008 saltem
773 3959 816 4007 ex
862 3947 1018 4031 roecepto
1035 3928 1210 4006 Ecclesiae
1270 4017 1271 4022 ,

119 4028 166 4102 ad
190 4033 391 4104 castitatem
414 4046 612 4107 teneretur.
639 4034 795 4131 Hocque
845 4029 1044 4115 icendum,
1067 4030 1211 4105 etibmsi

120 4130 276 4209 berebet
296 4128 393 4207 hauc
421 4130 707 4234 obligationem,
729 4126 848 4208 modbss
866 4126 980 4207 vellet
1002 4127 1086 4208 vore
1105 4127 1210 4210 ordis
