2942 4717
229 303 231 308 ⁸
289 224 398 318 Capit.
408 223 549 316 x.5111.
563 225 674 296 Breris
683 228 793 320 praxis
801 242 883 296 orat.
896 243 996 297 ment.
1117 247 1185 320 177

119 332 232 409 Oratio
250 350 308 410 cat.
323 339 481 427 fornax,
502 336 569 412 ubi
599 339 732 413 animae
760 340 1011 413 accenduntur
1030 335 1070 412 in
1092 335 1187 415 divis

110 447 384 512 ‚numamorem
652 458 657 468 ’

161 533 238 614 218.
257 531 462 633 Loquendo
481 532 530 607 dc
553 533 660 625 loco,
689 532 755 608 ubi
775 535 891 610 oratio
919 531 1085 608 socienda
1110 533 1186 624 sit¹

123 631 218 724 magis
227 635 396 730 proprius
406 631 509 706 locus
519 632 828 719 estEcclesia‘r3sed
839 634 934 718 illis,
946 635 1009 732 qui
1023 632 1113 705 illirc
1129 632 1184 705 ire

119 740 168 796 aut
181 726 226 801 ibi
241 732 373 804 morari
387 747 586 830 nequeunt,
595 733 752 831 quisque
763 731 866 806 loona
877 732 947 804 erit
958 732 1185 829 orationia'p·

121 838 191 908 tus,
207 828 280 901 sire
297 831 372 900 sint
385 828 538 916 demus,
557 828 635 904 sive
650 831 760 902 vina.
778 829 897 912 Eritm
913 831 982 902 iter
999 886 1008 918 ‚
1028 848 1064 901 ct
1079 828 1185 901 labor

121 923 259 997 orationi
289 951 364 998 non
382 926 676 1014 disconveniunt,
705 954 789 1009 cum
815 927 924 1001 etilm
952 940 1042 1000 tunc
1070 929 1187 1025 possit

122 1040 205 1093 neos
224 1026 263 1094 in
276 1023 393 1098 Deum
409 1025 551 1100 elevari.
566 1028 666 1118 Quot
682 1025 894 1113 rusticuloe,
912 1052 997 1099 cum
1017 1026 1069 1097 eis
1088 1023 1186 1100 nihil

121 1122 275 1214 temporis
303 1147 371 1194 nee
397 1122 468 1196 loci
496 1127 655 1221 supersit
679 1122 906 1213 laborando,
942 1126 1011 1196 iter
1043 1120 1185 1221 agendo

117 1237 205 1289 suam
225 1218 365 1294 faciunt
378 1222 580 1295 orationem
595 1221 611 1294 l
625 1224 811 1315 Quaerenti
826 1224 923 1296 enim
939 1221 1036 1294 Deus
1052 1221 1090 1294 in
1109 1246 1186 1294 om·

114 1315 146 1385 ui
161 1314 259 1405 loeo,
284 1333 320 1389 et
338 1321 376 1391 in
400 1321 499 1392 omni
518 1333 681 1421 tempore
694 1322 851 1393 inveniri
872 1345 911 1394 se
931 1320 1028 1393 lacit.

156 1438 231 1514 ²¹9·
247 1414 380 1509 Qudad
396 1433 561 1516 tempus,
581 1422 700 1530 aptius
710 1421 779 1492 erit
790 1435 935 1515 tempus
950 1416 1186 1491 matutinum.

113 1506 245 1587 Bonum
258 1539 334 1588 non
353 1514 544 1590 habebunt
558 1533 695 1591 exitum
712 1541 818 1617 ,que
833 1518 870 1589 in
882 1515 941 1589 die
960 1516 1075 1600 fiunt,
1093 1541 1185 1589 eum

112 1609 207 1682 mane
223 1614 428 1686 orationem
447 1620 552 1688 suam
575 1617 735 1715 quisque
758 1614 876 1687 lacere
899 1613 1067 1713 neglexit.
1088 1613 1188 1685 Ora«

33 1719 34 1794 ἶ
111 1706 192 1781 tioni
212 1711 361 1809 proprie
379 1710 490 1785 bisin
507 1711 566 1785 die
581 1713 700 1786 vacari
717 1712 886 1796 deberet,
909 1711 1038 1801 mane,
1055 1723 1092 1783 et
1107 1733 1187 1784 res-

33 1831 34 1836 *
111 1808 202 1904 peri;
219 1807 287 1881 sed
303 1835 388 1883 cum
410 1809 560 1908 vespere
578 1812 818 1886 commoditas
837 1836 911 1884 non
929 1824 1006 1896 est,
1027 1810 1091 1882 fiat
1107 1807 1187 1881 sal·
1270 1899 1274 1910 Ι

110 1900 174 1977 tem
203 1905 323 1982 mane.
351 1907 482 1982 A‘ehut
503 1908 550 1982 V.
574 1911 614 1983 P.
634 1909 680 1981 D.
706 1907 860 1985 Carolus
883 1906 1010 1983 Carasa
1036 1907 1187 2008 piorum

110 2003 361 2100 Operariorum
395 2006 576 2097 undatur,
592 2033 708 2082 unum
725 2022 845 2081 actum
866 2007 998 2080 amoris
1016 2005 1189 2078 cumani·

109 2101 155 2172 rui
167 2102 305 2177 fervore
318 2103 425 2178 mane
444 2103 657 2186 in‘oratione
674 2107 810 2179 lactum
827 2161 836 2191 ‚
852 2104 1019 2178 sufficere
1035 2105 1082 2176 ad
1100 2105 1188 2176 reti-

33 2231 34 2234 *
108 2200 259 2274 nondam
273 2204 479 2275 animamin
495 2229 561 2277 suo
576 2205 714 2278 fervore
726 2230 790 2300 per
798 2219 916 2277 totum
929 2204 1041 2275 diem.
1052 2200 1187 2295 Quoad

33 2327 34 2354 r
107 2310 245 2399 tempus
270 2316 392 2374 autem
439 2301 515 2375 uod
541 2304 579 2376 in
610 2308 772 2375 oratione
801 2303 1064 2375 insumendum
1089 2302 1158 2374 erit
1174 2358 1189 2386 ‚

33 2399 34 2466 ³
106 2393 284 2488 Parochua
302 2456 310 2484 ,
328 2412 392 2472 aut
410 2329 659 2475 densessarius
683 2427 750 2500 pro
764 2397 1032 2501 suaprudentia
1050 2424 1088 2471 se
1103 2397 1186 2471 diri·

33 2493 34 2536 l
108 2512 161 2593 gat
184 2497 338 2571 Certum
351 2511 426 2585 eat.
445 2497 550 2572 atad
565 2499 797 2596 perfectionis
816 2497 970 2596 gradum
987 2495 1187 2572 sublimem

106 2601 334 2691 perveniatur
352 2593 479 2671 medioe
493 2596 594 2674 horae
615 2602 773 2697 spatium
793 2624 867 2669 non
887 2621 964 2668 esse
985 2593 1185 2667 sufficiens.

33 2743 34 2780 ;
105 2692 277 2767 camum
292 2698 377 2769 satis
391 2695 538 2780 erithoc
548 2709 694 2796 tempus
707 2722 773 2797 pro
788 2693 1052 2794 incipientibus
1065 2715 1075 2784 3
1091 2719 1186 2793 quos

107 2792 227 2865 sedulo
243 2808 414 2880 moneat,
441 2819 487 2866 ne
504 2796 705 2868 orationem
735 2799 904 2866 omittant
932 2817 1018 2865 cum
1037 2806 1185 2890 tempus

105 2887 332 2966 desolationis
351 2891 550 2966 advenerit.
572 2892 813 2978 Observatur.
833 2889 935 2991 quod
964 2890 1107 2965 dictum
1131 2906 1187 2964 est

106 3012 140 3059 n.
161 2990 238 3063 125.
256 2989 327 3063 Sed
348 2989 626 3089 progrediamur
645 2992 860 3065 admodum
879 2990 1081 3089 practicam
1104 3015 1187 3064 ora-

105 3086 235 3174 tionis,
252 3113 361 3187 quem
378 3088 510 3162 docere
523 3090 642 3162 decet.
659 3092 787 3168 Oratio
805 3087 923 3162 tribua
941 3103 1083 3161 constat
1101 3114 1187 3187 par-

50 3228 52 3234 ,
106 3183 218 3273 tibus,
235 3187 799 3287 praeparatione,meditatione,
818 3201 855 3260 et
873 3185 1124 3260 conclusione.
1140 3186 1187 3260 In

106 3285 364 3383 preparatione
378 3302 451 3359 tras
464 3291 701 3361 continentur
719 3301 846 3374 actus,
872 3283 1007 3386 quibus
1022 3312 1060 3360 se
1083 3311 1188 3358 exer-

108 3404 182 3456 cere
193 3383 305 3457 debet
316 3438 325 3470 ,
332 3384 427 3478 fidei
442 3384 575 3484 nempe
593 3410 659 3482 per
679 3387 907 3484 praesentiam
924 3384 989 3455 Dei
1008 3438 1017 3468 ‚
1041 3383 1188 3455 humili-

105 3481 201 3566 tatis,
218 3497 255 3553 et
266 3482 526 3581 supplicationis
540 3483 652 3556 divini
672 3483 834 3557 luminis.
854 3480 1021 3556 Dicendo
1039 3509 1070 3553 r.
1085 3482 1187 3552 Deus

104 3577 168 3664 mi,
187 3580 308 3664 medo,
322 3596 361 3653 te
375 3578 466 3652 mihi
481 3605 561 3653 esse
578 3598 784 3676 presentem
804 3634 814 3667 ,
842 3596 879 3652 et
910 3578 947 3653 in
979 3579 1053 3651 met‘
1086 3577 1193 3651 nihili

105 3676 236 3773 udss'so
252 3677 431 3750 damasus
448 3677 667 3775 majestatem
682 3696 787 3751 ‘tuam
814 3679 936 3750 odoro.
963 3703 984 3750 2
1008 3676 1188 3763 Domine,

100 3792 397 3874 propterpermto
415 3801 495 3849 meo
507 3801 602 3851 nunc
616 3802 679 3876 ego
693 3776 731 3847 r'rz
747 3774 894 3872 Irfiemo
908 3773 1187 3848 cmcmnduses-

104 3892 176 3945 sem
192 3898 205 3956 ,·
219 3898 276 3946 me
286 3873 431 3973 pendet
449 3875 639 3974 offendisse
660 3891 697 3948 te
713 3931 721 3958 ,
737 3901 806 3973 per
817 3875 982 3970 petatem
1000 3889 1097 3944 tuom
1120 3873 1196 3943 mi·-

104 3964 145 4040 bi
157 3978 276 4066 parce.
302 3973 339 4047 3.
362 3971 476 4045 Pater
493 3989 617 4046 aterne
630 3988 773 4071 propter
793 3974 920 4046 Jesum
938 4018 950 4059 >,
968 3987 1006 4043 et
1021 3971 1187 4043 Maniam

101 4068 214 4170 prebe,
233 4067 323 4142 milri
332 4070 444 4144 lucem
459 4083 557 4156 tuom
572 4071 611 4146 r'n
633 4070 705 4149 hac
724 4069 878 4154 omnbus
894 4124 903 4162 ,
918 4085 958 4146 ut
969 4068 1014 4142 ab
1031 4067 1195 4166 sescus-r·

245 4165 345 4254 Tum
383 4164 489 4266 lllll.v
757 4248 760 4253 ,
893 4165 906 4173 ’
995 4192 1042 4247 ra
