2942 4717
242 367 304 452 158
441 414 443 418 ¹
612 377 722 447 Praxis
738 377 942 446 Confessarii.

187 499 188 502 ’
294 486 373 565 163.
398 471 466 564 IV
481 487 653 566 Alienare
672 516 710 562 se
731 490 777 563 ab
800 490 973 563 omnibus
998 489 1237 590 propinquis,¹
1255 486 1325 563 re?

238 580 328 673 bus,
348 587 615 684 voluptatibus3
636 588 760 678 aliter,
779 590 901 688 inquit
915 589 952 661 S.
972 585 1165 662 Therasia:
1182 589 1320 660 Anium

240 696 313 759 non
329 687 520 759 recedendo
534 691 558 759 d
579 686 806 782 temptandus
822 687 1027 773 mundanis,
1042 714 1122 784 ¹non
1135 702 1217 784 post
1234 684 1323 759 mul»

241 784 335 870 ium,
355 783 470 858 denuo
486 785 658 859 recedetd
679 785 733 856 eia
751 784 830 858 Dei.
850 783 1020 882 Effugere
1040 783 1333 874 familiaritatem.

240 908 480 990 personarum
505 882 637 956 diversi
664 880 791 968 sexirs,
844 890 1158 984 uantumcumque
1184 883 1326 958 luerint

238 981 439 1079 ,religiosae3
464 981 562 1081 saepb
588 980 687 1053 euim
711 909 882 1053 diaboius
905 981 1105 1056 introducit
1130 1007 1215 1055 cum
1244 980 1323 1054 illis

197 1116 214 1136 κ
240 1081 418 1178 quasdam
444 1078 716 1153 affectiunculas
739 1085 815 1152 non
846 1106 978 1179 puras,
1003 1105 1062 1153 eas
1082 1078 1324 1153 obtrudendo

239 1205 309 1280 pro
324 1178 588 1278 spiritualibus.
604 1179 759 1279 Oportet
772 1177 856 1252 autb
870 1180 990 1250 omnia
1008 1180 1216 1253 renuntiare
1234 1204 1323 1278 pro·

238 1278 327 1379 priae
345 1277 595 1368 aestimationi,
617 1292 652 1349 et
670 1278 828 1377 propriae
845 1277 1040 1364 voluntati,
1061 1276 1137 1351 imo
1155 1291 1192 1350 et
1206 1274 1321 1351 rebus

239 1375 511 1474 spiritualibus,
526 1376 567 1449 itt
581 1377 757 1460 orationi,
775 1373 1054 1466 Commluuioni,
1068 1392 1105 1450 et
1122 1376 1322 1460 mortifica·

241 1472 426 1573 tionibus,
444 1470 595 1574 quaudd
613 1473 691 1547 haec
712 1472 920 1567 obedientia
936 1499 1012 1546 uon
1030 1475 1218 1574 permittit.
1232 1471 1321 1548 Uno

238 1571 350 1646 terbo
369 1586 512 1673 oportet
531 1573 713 1672 expellere
733 1576 752 1645 a
771 1573 882 1645 corde
896 1581 1029 1663 omne,
1050 1571 1153 1670 quod
1170 1597 1244 1646 non
1264 1575 1324 1648 est'

165 1717 167 1723 =
236 1665 348 1785 Deus,
361 1689 397 1746 ct
411 1671 513 1773 quod
527 1696 603 1745 non
619 1685 673 1745 est
690 1668 897 1745 secundlrm
914 1676 1033 1771 majus
1046 1667 1114 1746 Dei
1132 1671 1319 1772 benepla-

236 1787 365 1847 citum.
1085 1819 1089 1828 x

293 1868 372 1963 164.
397 1867 444 1943 V.
464 1867 741 1967 Laetarispiritu
761 1866 903 1966 quoties
918 1892 956 1940 se
974 1867 1093 1943 cernit
1111 1865 1320 1959 contemni,

237 1961 409 2056 irrideri,
438 1981 475 2040 ct
501 1967 669 2043 omnium
697 1959 914 2038 vilissimum
943 1969 1117 2066 reputari.
1142 1969 1175 2040 0
1205 1971 1322 2066 quim

237 2063 395 2163 pulchre
413 2073 490 2137 orat
505 2067 625 2137 anima
641 2064 728 2150 illa,
750 2088 833 2163 quae
846 2064 1046 2162 vilipendia
1062 2061 1218 2138 libenter
1236 2091 1322 2137 am·

238 2162 439 2334 plectitur?
457 2161 645 2264 praecipue
670 2166 709 2236 in
737 2163 1094 2250 Communitatibus,
1116 2164 1154 2236 iu
1184 2160 1322 2263 quibus

266 2289 317 2336 aec
329 2262 503 2335 virtusest
515 2270 683 2334 omnium
696 2261 1082 2348 maximenecessaria;
1096 2285 1327 2361 consequen·
1348 2273 1353 2282 '

239 2376 295 2435 ter
311 2375 457 2457 oportet
473 2360 593 2433 fovere
609 2360 843 2435 affectionem
864 2359 1060 2460 specialem
1077 2364 1160 2459 orgi
1175 2375 1322 2434 nostros

238 2458 427 2549 inimicos,
447 2473 483 2529 et
508 2475 757 2557 persecutores
798 2457 872 2532 illis
894 2458 1145 2551 inserviendo,
1165 2458 1322 2562 benesag

236 2555 390 2643 ciendo,
407 2582 469 2629 sos
486 2556 723 2640 honorando.
738 2515 867 2647 saltim
883 2555 1155 2640 benedicendo,
1168 2573 1204 2644 et
1220 2583 1321 2630 com·

236 2653 447 2729 insudando
463 2650 667 2753 specialiter
683 2654 782 2745 Deo,
800 2654 1114 2757 quemadmodum
1131 2655 1254 2731 Sancti
1270 2651 1322 2729 sa*

236 2769 614 2837 cereconsuererunt.
817 2845 818 2849 Ἰ
943 2773 946 2780 “

291 2854 370 2927 165.
396 2849 460 2924 VI.
482 2850 906 2925 Alere'ardentissimum
926 2849 1147 2925 desiderium
1168 2847 1320 2933 amandi

564 2952 569 2964 Ο

235 2950 380 3039 Deum,
404 2950 535 3050 illique
541 2950 742 3119 aplacendi.
768 2950 830 3023 Ait
853 2952 887 3023 S.
907 2948 1080 3024 Th‘eresia
1103 2979 1113 3021 ε
1140 2950 1322 3024 Dominus
1446 2905 1447 2914 l

236 3043 327 3122 aded
344 3048 526 3121 desideriis
565 3050 748 3143 eiectatur,
765 3070 809 3119 ac
822 3046 1023 3144 sifuissent
1040 3048 1242 3123 executioni
1253 3048 1323 3121 de·

239 3148 423 3221 mandata.
445 3144 531 3220 sint
549 3145 619 3221 boc
636 3146 818 3219 desiderio
836 3151 955 3219 anima
974 3173 1048 3239 non
1067 3143 1324 3250 progredietur

235 3243 274 3319 in
288 3247 341 3318 tia
382 3244 606 3326 ersectionis.
620 3271 687 3318 nec
701 3245 798 3318 Deus
813 3243 987 3344 largietur
999 3246 1053 3318 illi
1064 3247 1197 3346 gratias
1211 3243 1320 3323 raldd

234 3372 251 3417 s
279 3274 421 3418 eciales.
435 3341 576 3418 Eadem
588 3344 622 3416 S.
636 3346 707 3417 ait:
730 3342 911 3417 Ordinarie
923 3345 1022 3416 Deus
1037 3350 1109 3419 non
1126 3335 1321 3439 r'rnper‘titui

219 3372 371 3539 ditares
388 3445 529 3515 multdm
545 3443 756 3538 singulares,
774 3441 848 3513 niti
857 3441 901 3513 iis
915 3497 924 3526 ,
941 3442 1003 3537 qui
1015 3442 1074 3515 dett
1091 3442 1316 3516 desiderare·

138 3631 144 3645 ¹
219 3558 314 3640 ‚runt
328 3567 403 3636 elus
413 3540 579 3614 arborem.
594 3540 639 3613 Ei
656 3539 836 3615 desiderio
847 3553 993 3639 oportet
1003 3567 1148 3644 semper
1159 3545 1318 3638 conjun-

114 3637 116 3640 ’
233 3664 319 3739 gere
340 3639 680 3712 determinationem
705 3637 864 3711 faciendi
886 3637 1072 3738 'quantum
1123 3665 1318 3738 assumus,

231 3753 273 3812 ut
286 3741 363 3812 Deo
376 3737 595 3839 placeamus.
609 3737 764 3813 Praesata
774 3750 896 3810 sancta
912 3733 1055 3837 iuquit:
1101 3735 1235 3836 t‘abolus
1245 3763 1319 3835 po·

228 3837 401 3908 ttssirndm
417 3836 515 3908 timet
528 3836 755 3933 magnanima
769 3834 886 3909 corda.
903 3836 952 3910 Et
970 3835 1058 3909 alibi
1073 3863 1088 3907 ε·
1099 3831 1321 3909 Nilrilaliud

230 3938 254 4010 d
267 3934 366 4006 nobis
377 3934 488 4032 ear'git
494 3934 686 4022 Dominus,
698 3936 801 4035 qudm
816 3933 964 4006 validam
973 3934 1319 4027 determinationem,

228 4048 269 4107 ut
286 4032 448 4131 reliquum
465 4032 539 4132 ipse
555 4032 636 4105 indi
650 4032 824 4131 perficiat
844 4032 998 4131 Oportet
1019 4058 1167 4135 quoque
1190 4031 1319 4110 lovere

231 4127 403 4203 affectum
424 4157 611 4203 summum
637 4136 719 4229 ergd
744 4131 965 4218 orationem,
982 4158 1063 4231 quae
1088 4146 1144 4206 est
1163 4129 1319 4230 fornax,

204 4251 210 4264 ’
228 4230 269 4305 in
288 4254 360 4329 qua
373 4229 589 4307 accenditur
606 4257 709 4308 amor
723 4229 881 4339 divinus,
898 4233 1037 4308 Omnes
1053 4231 1196 4328 Sancti,
1215 4239 1322 4334 quod
