2942 4717
448 291 527 397 §¹¹-
543 291 637 363 cuu
651 291 773 362 oresio
787 289 951 362 officum.
1205 304 1245 366 ti

156 403 430 482 Poenitentisrio
446 407 503 480 illi
519 406 745 499 obtinuerit(
753 411 879 508 excipe
891 421 1038 494 tumen,
1052 402 1083 477 si
1095 389 1248 507 disponi

159 508 405 593 sationarius,
420 520 456 579 et
475 505 584 581 facile
593 504 751 580 obtineri
766 508 890 605 possit.
902 509 916 598 )
930 505 979 578 Et
989 506 1027 577 in
1045 502 1117 577 hoc
1131 528 1244 598 coetu

157 604 292 702 nempe
304 630 392 681 cum
409 607 447 676 in
465 604 562 679 bona
579 604 653 679 fide
670 605 827 694 vivitur,
845 605 877 678 si
896 602 990 678 fortir
1070 606 1192 678 nitens
1203 630 1246 681 se

156 717 359 788 accusaret,
371 703 473 804 quod
485 707 651 802 negdsset
664 703 831 778 debiturn
847 706 1004 803 conjuga
1022 703 1134 776 esine
1149 707 1245 800 justu

159 826 265 874 causa
283 857 294 889 ‚
313 803 443 876 dicunt
457 804 662 898 Doctores(
679 803 775 878 Ibid.
790 805 805 900 )
820 800 1091 876 Confessurium
1108 800 1245 876 debere

154 900 295 999 pariter
315 901 363 974 sd
380 900 453 976 hoc
478 901 587 975 illum
606 900 789 1001 obligare,
806 900 967 978 dicendo
991 901 1031 973 iu
1051 899 1244 1000 generali,

157 998 257 1094 quod
278 1005 455 1099 con'uges
478 1015 672 1075 teneantur
690 999 761 1076 sub
774 1003 872 1100 greri
895 999 1053 1073 invicem
1074 997 1245 1077 debitum

150 1095 324 1170 reddere.
340 1027 538 1193 duomodd
554 1114 678 1175 sutem
695 1126 735 1174 se
751 1125 875 1199 gerere
894 1097 1027 1173 debeat
1043 1098 1246 1174 Confessa-

131 1195 228 1270 ‘sius
252 1222 342 1270 cum
358 1199 532 1299 sponsis,
550 1199 616 1301 qui
636 1204 711 1301 jem
727 1204 802 1299 jam
818 1200 1044 1274 contrectari
1056 1212 1144 1272 suut
1162 1200 1244 1275 Me·

146 1293 375 1371 trimonium
397 1297 546 1370 nullum
567 1354 578 1388 ‚
603 1313 641 1372 et
663 1299 782 1373 timor
801 1296 964 1415 prudens
985 1310 1079 1371 esset
1099 1293 1245 1398 peccati

148 1389 344 1483 formalis,
370 1411 433 1469 sut
451 1395 618 1470 scandali
636 1455 646 1486 ,
666 1397 698 1473 si
713 1397 1010 1471 manifestaretur
1028 1400 1108 1496 ejus
1123 1394 1243 1470 nulli·

144 1500 205 1562 tas
218 1490 235 1563 ?
248 1493 499 1568 Obserrentur
511 1495 778 1584 resolutiones,
793 1497 832 1571 in
847 1499 969 1597 Opere
980 1495 1129 1594 scriptae
1142 1495 1161 1592 (
1174 1481 1244 1569 lo

147 1611 261 1667 num.
279 1590 322 1665 61
334 1595 392 1690 ι),
408 1592 473 1668 ubi
488 1594 571 1670 fuss
587 1594 784 1694 probatum
802 1612 868 1686 est,
885 1618 1121 1668 communem
1137 1618 1215 1667 esse
1232 1649 1243 1682 ‚

149 1699 187 1758 et
203 1703 324 1764 tutam
343 1694 562 1766 sententium
577 1748 586 1782 ‚
604 1718 712 1795 posse
732 1697 962 1796 Episcopum
979 1693 1188 1793 dispensare
1201 1694 1243 1769 iu

145 1784 422 1884 impedimento
447 1792 662 1882 dirimenti‚
685 1809 803 1867 stunte
822 1792 885 1867 ills
912 1794 1056 1892 urgenti
1080 1791 1244 1865 necessi·

147 1897 240 1960 tate.
264 1890 313 1962 Et
335 1890 366 1963 si
385 1890 506 1965 aditus
520 1892 566 1964 sd
584 1893 813 1992 Episcopum
841 1894 951 1966 etiim
968 1904 1061 1965 esset
1079 1889 1241 1968 difficilis

143 1995 186 2055 'et
208 1986 322 2060 nullo
346 1987 458 2064 modo
477 2005 601 2088 posset
622 1991 749 2065 evitari
763 1991 1017 2091 gravissimum
1035 1989 1243 2092 periculum

23 2167 26 2173 ¹
146 2079 312 2160 iniamiae
329 2089 598 2175 concordali,
625 2089 848 2184 retulimus(
865 2089 890 2162 l.
909 2090 936 2165 6
953 2115 990 2162 n.
1018 2088 1137 2183 1132)
1154 2113 1243 2163 sen·

145 2188 307 2257 tentiam
326 2188 493 2260 Auctoris
511 2189 526 2287 (
541 2190 700 2264 Instruc.
724 2214 793 2288 pro
809 2189 912 2262 noris
926 2183 1091 2263 Confess.
1109 2213 1146 2288 p.
1164 2212 1186 2260 2
1202 2212 1243 2261 n.

142 2278 200 2353 32
217 2307 262 2357 ex
276 2285 388 2359 Rouc.
408 2285 517 2361 Surd.
535 2303 571 2359 et
587 2288 720 2457 Pipust
737 2304 830 2362 tom.
850 2287 872 2364 3
892 2286 1050 2362 consult.
1068 2285 1114 2361 33
1132 2311 1170 2358 n.
1187 2286 1243 2402 5.)

16 2403 18 2436 a
139 2382 218 2478 ‘qui
235 2384 309 2467 sit,
326 2410 401 2457 nou
430 2384 635 2487 improbubi
653 2412 672 2460 e
698 2411 797 2476 esse,
813 2383 889 2459 irud
906 2400 1029 2460 tutum
1052 2385 1090 2458 in
1114 2407 1240 2484 prm·

149 2503 261 2577 posse
276 2482 506 2568 Perochum,
521 2484 578 2559 vel
596 2484 710 2559 ulium
729 2485 1002 2559 confessarium
1020 2480 1209 2556 deelorsre
1229 2536 1244 2570 ,

16 2583 18 2608 *
140 2578 257 2675 'quod
274 2579 334 2655 lex
348 2582 605 2681 impedimenti
614 2601 710 2657 'tunc
731 2610 807 2657 nou
827 2581 983 2680 obliget,
1001 2595 1111 2681 atque
1125 2595 1243 2656 cesset

138 2675 280 2776 'utpotd
296 2677 419 2779 potiirs
437 2686 588 2770 uoci-ru,
608 2686 720 2783 quim
737 2681 850 2757 utilis.
869 2680 941 2756 Sed
958 2679 1133 2765 observa,
1157 2699 1243 2780 ques

148 2771 236 2850 loco
253 2780 363 2852 citato
380 2778 497 2854 lusiirs
512 2780 701 2857 dicuntur.
713 2783 766 2856 lte
783 2782 920 2880 pariter
931 2775 1133 2854 omittenda
1147 2789 1243 2852 esset

139 2879 333 2951 'correctio
355 2876 401 2951 de
420 2880 650 2954 restitutione
666 2881 856 2970 faciende,
873 2881 903 2953 si
920 2876 1019 2955 certe
1034 2876 1241 2979 praevidea-

148 2984 212 3046 tur
228 2975 421 3066 futurum,
442 2992 483 3051 ut
507 2980 719 3078 poenitens,
747 2980 812 3083 qui
837 3001 938 3053 nuuc
963 2991 1057 3052 esset
1081 2979 1121 3049 in
1141 2973 1242 3050 bons

149 3070 339 3162 fide,n0n
381 3079 698 3154 ureormonitioni.

197 3198 235 3271 9.
260 3102 514 3248 Nihildminirs
533 3177 610 3252 exci
623 3191 627 3200 ’
639 3176 740 3251 iendi
755 3193 844 3252 sunt
862 3191 1056 3278 sequentes
1074 3198 1192 3248 cesus.
1208 3169 1242 3248 l.

149 3268 187 3343 Si
201 3271 332 3372 exipss
343 3274 546 3374 ignorantis
559 3205 849 3350 reduudsndum
858 3290 952 3351 esset
960 3276 1139 3349 domnum
1152 3295 1241 3346 oon·

16 3445 18 3450 ,
140 3381 204 3442 'trs
218 3370 360 3446 bonum
377 3387 577 3448 commune
594 3373 732 3474 (Nom,
752 3375 856 3473 623.)
875 3376 962 3491 quia
979 3390 1069 3449 tunc
1083 3369 1241 3446 conseo:

139 3471 291 3556 'serius,
312 3497 400 3545 curn
427 3472 506 3572 ipse
527 3474 750 3549 constitutus
773 3473 822 3548 sit
845 3476 1013 3550 minister
1033 3472 1072 3545 in
1097 3469 1242 3544 bonum

17 3651 18 3654 Ἴ
102 3635 106 3648 ,
146 3566 395 3667 Reipublicae,
412 3584 558 3645 tenetur
576 3574 745 3669 proeferre
761 3569 903 3646 bonum
925 3570 1121 3672 publicum
1140 3564 1240 3641 bonu

138 3669 288 3765 privato
301 3668 534 3769 poenitentis,
545 3669 632 3744 licet
644 3669 843 3769 prevideat
854 3726 865 3759 ,
876 3672 1143 3747 correctionem
1151 3664 1243 3740 huic

146 3791 225 3842 non
245 3791 323 3841 esse
343 3769 587 3867 profuturam.
608 3773 690 3864 Qui
715 3768 762 3844 de
784 3797 825 3843 re
844 3768 998 3844 omnini>
1016 3763 1244 3840 admonendi

16 3937 17 3946 ,
137 3880 235 3939 'suut
259 3866 472 3968 Principes,
497 3870 700 3956 Praetores,
723 3868 969 3957 confessarii,
994 3863 1178 3951 Puroohi,
1205 3876 1243 3938 et

16 3969 18 3998 “
145 3963 311 4050 Praetori,
328 3965 391 4065 qui
406 3967 559 4083 proprio
574 3966 696 4043 officio
712 3968 867 4059 desuut;
884 3968 970 4067 quia
986 3963 1121 4039 lrorum
1137 3964 1243 4061 iguo·

139 4064 263 4136 'rantis
281 4118 290 4149 ‚
307 4068 417 4139 etilnr
440 4065 687 4158 invincibilis,
707 4091 856 4168 semper
878 4066 1017 4138 domno
1041 4064 1111 4139 erit
1129 4062 1242 4136 corn·

137 4164 339 4269 ‘monituri2
355 4164 448 4245 dum
465 4163 565 4241 lucili
578 4167 726 4269 negotio
746 4167 813 4244 ulii·
825 4180 955 4270 putere
971 4176 1153 4269 possuntl
1169 4158 1242 4240 sibi
