2942 4717
344 279 753 387 cap.51.na'snnmenas
769 294 804 358 in
821 275 950 380 genera.
1122 279 1189 361 223

120 395 219 482 little
230 406 406 504 precepti,
421 421 461 479 ut
475 421 561 481 sunt
575 406 832 495 Confirmatio,
847 408 946 504 juxta
960 391 1194 503 probabilem

125 501 351 589 sententiam,
371 505 457 578 licet
471 508 639 604 opposita
653 505 803 579 Navarr.
824 506 927 576 Suar.
944 503 1038 593 Soti,
1057 503 1191 602 baym.

125 596 228 672 llonc.
246 601 440 699 Wigandt,
454 630 497 678 ex
509 606 554 678 D.
572 602 644 677 Th.
660 604 721 698 (in
735 600 757 674 3
773 630 808 701 p.
827 627 891 700 qu.
909 624 954 700 72
969 615 1037 675 art.
1050 606 1074 676 8
1087 601 1134 674 ad
1145 602 1193 699 6)

122 710 157 767 et
168 695 320 772 aliorum
335 703 442 773 etiam
459 703 505 776 sit
517 700 716 802 probabilia
731 699 784 796 (l.
797 699 823 772 6
838 727 875 775 ιι.
895 701 1194 795 181);etEutre·

123 815 177 869 ma
194 796 349 889 Unctio,
362 804 461 897 juxta
482 800 766 899 probabiliorem
782 799 1024 884 sententiam,
1041 793 1195 874 omuinb

124 892 342 969 suadendam
361 903 424 994 (n.
447 900 527 999 733.
541 907 555 993 )
570 898 746 985 Secundo,
764 897 833 970 alia
853 913 939 971 sunt
960 900 1193 974 Sacramenta

127 988 309 1082 laetabilia,
329 995 371 1070 itt
386 996 635 1089 Eucharistia‚
653 996 894 1084 Paenitentia,
909 997 1079 1069 Extrema
1091 998 1194 1071 Une·
1334 1061 1338 1078 ι,

126 1089 187 1176 tto,
199 1105 237 1167 et
253 1095 550 1185 Matrimonium
565 1095 634 1170 alia
649 1108 737 1169 sunt
750 1092 984 1181 Iaiaerabit'a,
998 1096 1038 1166 iat
1050 1094 1194 1195 Baptis·
1213 1127 1216 1132 ·

125 1209 227 1279 mus,
248 1191 508 1280 Confirmatio,
533 1212 569 1269 et
590 1194 713 1280 Ordo,
735 1207 886 1295 propter
909 1190 1195 1283 characterem,

124 1309 226 1385 quem
238 1290 486 1367 indelebiliter
499 1294 730 1395 imprimunt.
747 1291 876 1382 Temb,
891 1289 961 1365 alia
972 1294 1196 1368 auntSacra·

123 1404 304 1463 eramenta
327 1390 567 1479 Mortuerum,
586 1392 628 1466 lut
649 1391 855 1491 Baptismus
870 1445 881 1476 ‚
897 1403 935 1464 et
956 1392 1195 1486 Paenitentia,
1293 1392 1297 1405 '

63 1572 65 1576 .
121 1484 201 1583 'quia
213 1488 373 1587 primam
388 1489 583 1564 conserunt
596 1491 746 1588 gratiam
759 1504 795 1564 et
807 1504 1023 1659 supponunt
1035 1492 1197 1566 animam

120 1600 321 1672 mortuam,
339 1585 434 1663 idest
457 1591 569 1687 gratia
590 1603 776 1664 carentem
797 1588 894 1660 :aia
915 1589 1097 1681 Veterum,
1113 1613 1198 1690 quae

23 1685 24 1728 ³
120 1679 320 1807 aliquandb
337 1709 404 1785 per
421 1688 591 1803 accidens
608 1686 699 1761 dant
714 1690 822 1761 etiam
840 1686 999 1786 primam
1019 1688 1198 1784 gratiam,

23 1881 25 1966 ς
117 1783 1198 1986 ttttttt:tttlss‘ttttt‘ttltssllitttssff

23 1977 25 1998 '
117 1976 244 2077 lngo,
274 1981 378 2055 Suar.
397 1982 487 2056 Con.
507 1985 669 2086 cajetan.
687 1983 820 2074 croix,
847 1983 958 2056 Salm.
976 1983 1141 2099 Castrop.
1159 1996 1198 2059 et

23 2097 25 2172 j
115 2074 178 2149 alii
199 2078 326 2178 plures
344 2106 388 2154 ex
405 2081 450 2155 Ι).
471 2081 544 2156 Tit.
561 2140 572 2173 ,
591 2096 717 2157 contra
737 2081 848 2172 alios,
866 2107 910 2155 ex
930 2104 1120 2163 commum
1135 2084 1150 2180 (
1161 2082 1199 2166 l.

23 2175 25 2188 *
117 2172 154 2247 6.
175 2204 212 2253 n.
235 2179 325 2278 87.)
344 2178 493 2279 Quarto,
513 2180 585 2254 alia
601 2195 690 2255 sunt
706 2181 745 2253 F
743 2196 902 2267 armatu,
921 2178 1017 2255 idest
1034 2206 1120 2254 cum
1138 2181 1199 2255 ef-

23 2305 25 2338 ι
119 2271 214 2350 fectu
241 2277 389 2380 gratia,
413 2277 484 2351 alia
510 2279 710 2376 informia,
733 2278 874 2354 scilicet
897 2278 977 2352 siue
999 2278 1198 2353 collatione
1220 2309 1223 2317 ¹
1354 2363 1357 2369 .

24 2415 26 2440 .
116 2377 262 2468 gratiae,
288 2401 369 2478 qnoe
394 2390 449 2450 est
469 2377 691 2452 sacramenti
715 2377 921 2462 formala
944 2389 1067 2451 autem
1088 2376 1199 2452 detur

115 2471 395 2548 ¹Sacramentum
412 2477 640 2550 Poenitentiae
664 2473 828 2549 validum
845 2488 883 2547 et
901 2473 1082 2563 informe,
1103 2475 1200 2550 idest

24 2659 26 2668 y
114 2572 196 2645 aine
216 2574 355 2668 gratim
381 2572 443 2646 alii
462 2579 619 2673 negant3
641 2575 705 2648 sed
727 2571 994 2662 communiter,
1020 2586 1057 2646 et
1078 2571 1202 2648 verilis
1261 2581 1264 2592 ’

24 2677 26 2758 ξ
121 2667 180 2742 alii
194 2670 388 2746 affirmant.
406 2671 518 2746 Casus
538 2686 633 2747 esset
645 2675 678 2747 si
697 2667 781 2775 quis
795 2671 976 2770 acciperet
996 2669 1199 2746 absolutio·

24 2791 26 2868 ᾗ
120 2769 267 2842 nemab
279 2770 719 2871 aliquomortalipeooato
730 2769 1011 2858 cumattritione
1022 2784 1200 2870 concepta
1251 2801 1256 2810 ·

24 2889 26 2932 ⁷
121 2867 265 2943 tantiam
281 2895 325 2942 ex
343 2869 571 2967 turpitudine
587 2891 629 2943 su
658 2869 858 2945 ornaturali
873 2867 973 2943 illius
987 2871 1142 2968 peccati,
1163 2881 1205 2944 et

27 3005 30 3012 ·
115 2966 421 3056 eumoblivione
441 2897 660 3069 inculpabili
681 2968 830 3045 alterius
853 2969 994 3068 peccati
1020 2965 1203 3043 mortalis.

119 3062 218 3165 (Qui
232 3068 304 3139 vult
319 3067 432 3139 ridere
448 3065 542 3139 hane
553 3068 779 3167 questionem
792 3091 870 3140 cum
887 3064 1046 3139 omnibus
1060 3066 1134 3140 suis
1143 3092 1202 3140 ru·

27 3225 31 3236 .
121 3162 274 3235 tionibus
288 3166 522 3253 enucleatum,
540 3165 699 3239 observet
715 3168 838 3266 Caput
856 3188 888 3238 ι.
903 3163 969 3241 Ι.6
986 3188 1026 3237 ιι.
1040 3167 1153 3260 444.)

112 3267 117 3278 ’
167 3261 294 3356 Quaer.
306 3264 334 3337 1.
347 3264 440 3356 Quae
450 3264 683 3366 requirantur
692 3264 740 3337 ad
750 3263 942 3339 essentiam
955 3261 1242 3366 Sacramentil'5

51 3387 54 3392 ’
118 3354 207 3433 -Tria
227 3362 490 3462 requiruntur,
508 3364 681 3453 Materia,
700 3363 858 3450 Forma,
876 3375 914 3435 et
929 3359 1098 3435 Intentio.
1115 3363 1202 3435 Mu·
1291 3383 1294 3388 ’

121 3456 206 3530 teria
231 3475 287 3532 est
312 3484 370 3534 res
394 3485 569 3561 corporea
593 3476 630 3535 et
651 3461 855 3554 sensibilis,
881 3483 964 3559 qnae
987 3461 1204 3560 suscipienti

117 3556 1119 3661 applicatur,r.²gr.Aqua,Cbrisma‚Oleumsanetum
1133 3555 1201 3634 ete.
1233 3593 1237 3602 ¹

115 3650 174 3726 'Et
192 3656 273 3731 haec
290 3671 344 3730 est
359 3657 508 3732 Materia
526 3674 682 3746 remote,
700 3685 786 3733 narn
800 3657 967 3758 proxima
981 3657 1037 3733 est
1048 3659 1127 3758 ipsa
1140 3684 1203 3759 ap·
1314 3684 1316 3688 ’

126 3750 278 3852 plicatio
294 3758 475 3843 materiae,
496 3757 537 3831 iat
555 3756 716 3847 ablatio,
737 3757 864 3831 unctio
880 3773 956 3830 etc:
1019 3797 1024 3803 0

175 3853 305 3926 Forma
320 3868 406 3929 sunt
421 3855 533 3931 verba
548 3856 689 3956 prolata
704 3863 724 3931 a
742 3855 920 3930 Ministro.
935 3854 987 3930 Ut
1000 3869 1123 3929 autem
1136 3853 1201 3928 Sa·
1223 3888 1245 3947 5

125 3968 355 4026 aramentum
368 3953 505 4046 valeat,
522 3981 562 4029 re
591 3956 723 4031 nititur
736 3959 934 4043 monerio,
951 3953 1023 4027 sire
1036 3952 1203 4028 simultas

125 4045 283 4128 Materiae
300 4068 337 4126 et
351 4053 510 4138 Formae,
528 3982 689 4145 scillcet,
706 4068 750 4130 ut
761 4054 908 4127 Materia
925 4051 1132 4153 applicetur
1143 4079 1206 4126 an·

126 4153 276 4250 tequlm
300 4151 461 4256 prolatio
487 4153 632 4232 Formae
657 4153 904 4258 terminetur²
927 4150 985 4233 rel
1008 4157 1206 4273 postqutm
