2942 4717
275 213 345 289 ⁵42
468 218 617 312 Epitom
631 222 800 291 naurire
809 215 941 290 nanta
955 229 988 287 et
1002 218 1175 301 mosaice

239 362 242 385 ε,
326 326 446 396 Erecte
461 343 567 409 tamen
583 329 617 396 in
633 328 783 399 Ecclesiis
799 328 954 422 publicis,
967 350 1024 396 seu
1056 329 1185 414 rivatis,
1204 326 1248 394 ab·
1258 325 1348 396 Ectle

281 412 336 480 siis
355 412 592 505 parochialibus
610 418 781 507 sejunctis,
804 416 900 485 elaea
923 351 1138 508 dependentia
1159 416 1348 501 sumuntur,

281 515 320 564 ut
335 522 375 564 ex
391 502 502 567 eodem
519 501 668 569 Decreto.
686 502 767 571 ibid.
1224 550 1227 561 ·

325 584 434 671 anre
451 586 712 665 Benedictiones‚
736 606 768 658 et
787 583 1271 672 distributiones-candelarum,
1288 607 1350 652 cum

281 688 349 737 non
370 672 435 737 sint
449 673 490 739 de
504 672 628 763 juribus
641 676 728 742 meib
739 673 999 766 parochialibus,
1012 675 1096 742 sicut
1110 675 1206 741 etium
1219 670 1350 743 benedic

280 756 385 824 tiones
396 757 567 826 mulierum
578 778 652 851 post
666 778 815 850 parturn,
827 762 941 830 Fontis
956 758 1153 853 baptismalis
1162 760 1245 850 (quae
1259 767 1351 845 tenen

281 843 377 908 ambo
402 844 472 911 lieri
497 845 634 913 debeant
652 850 671 913 a
692 847 850 938 Parocho)
874 847 975 936 ignis,
993 847 1143 923 seminis,
1162 866 1309 927 ovorum,
1327 842 1353 909 ei

281 926 456 1016 similium,
475 932 656 1000 functiones
678 957 787 1001 omnes
801 933 1012 1003 hebdomadae
1034 948 1174 1017 sancte,
1200 928 1353 997 celebratio

282 1014 388 1083 Missae
418 1015 567 1101 solemnis
597 1020 676 1086 feria
703 1019 748 1087 V.
780 1023 815 1086 in
842 1028 934 1088 Coena
965 1018 1119 1104 Domini,
1143 1019 1157 1108 (
1168 1039 1239 1108 quae
1262 1031 1355 1085 tannen
1420 1022 1421 1039 ¹

279 1119 403 1189 spectat
422 1104 463 1171 ad
482 1104 662 1194 Parochos)
699 1103 816 1173 ulsatio
835 1126 1061 1198 campanarum
1082 1103 1215 1172 sabbato
1236 1110 1352 1186 uncto,
1420 1126 1421 1133 ¹

279 1186 368 1276 (quen
388 1205 497 1258 tamen
510 1213 525 1255 s
585 1207 631 1258 tat
642 1128 860 1259 admcleuam
873 1193 1068 1281 digniorem)
1084 1189 1255 1259 celebratio
1264 1187 1357 1254 illisce

279 1270 431 1343 solemnis
454 1279 489 1343 in
537 1276 753 1345 estivitatibus
771 1276 1024 1347 solemnioribus.»
1037 1272 1178 1367 ejusdem
1201 1266 1356 1357 Ecclesia,

280 1356 336 1425 vel
352 1359 511 1447 Oratorii,
529 1365 686 1454 expositio
702 1364 914 1465 quadraginta
929 1364 1101 1448 bererum,
1118 1380 1150 1429 et
1164 1359 1337 1428 benedictio

281 1467 354 1535 quas
369 1447 407 1517 lit
421 1471 517 1539 super
539 1448 683 1540 populo,
704 1451 863 1542 expositio
883 1466 1043 1519 sacrarum
1057 1403 1357 1539 Reliquiaruwrl

279 1534 476 1620 imaginum,
489 1536 558 1603 lieri
575 1553 709 1625 possunt
723 1539 758 1604 in
768 1536 1257 1618 OratoriisConlrsternitatum,
1272 1533 1359 1597 etibn

280 1616 424 1686 Parocbo
440 1623 616 1712 respective
632 1623 887 1709 contradicente,
898 1640 936 1691 ut
950 1626 984 1690 in
1000 1623 1114 1693 eodem
1129 1622 1268 1687 decreto.
1285 1615 1357 1683 ibid.

325 1705 459 1799 Insuper
474 1695 509 1774 in
526 1708 639 1774 iisdem
654 1711 790 1799 privatis
807 1710 1113 1777 Consenternitatum
1127 1706 1284 1774 Oratoriis
1297 1723 1359 1768 can·

280 1791 345 1942 turdi
373 1811 507 1947 posslppit
537 1791 656 1886 absque
680 1793 811 1863 licentia
842 1795 978 1864 Parochi
1004 1794 1104 1873 bore,
1117 1792 1303 1876 oenonicre,
1324 1804 1359 1856 et

281 1899 321 1942 eo
345 1899 435 1945 em.r
460 1904 470 1944 r
497 1926 504 1945 .
1074 1901 1084 1912 ·
1150 1913 1153 1916 ⁴

325 1963 366 2030 ln
380 1963 537 2039 Oratoriis
553 1989 662 2035 eorum
679 1964 815 2057 privatis
829 1964 918 2035 licita
940 1984 988 2035 est
1002 1965 1173 2037 celebratio
1190 1964 1291 2036 Mine
1304 1959 1359 2054 pri·

281 2064 365 2113 satec
382 2054 571 2118 assentiente
587 2050 763 2120 Ordinatio
780 2055 918 2121 uatum.
1117 2118 1119 2123 .
1322 2083 1331 2097 ¹

326 2134 445 2203 Eurum
460 2134 626 2228 (lapellani
640 2161 712 2205 non>
723 2154 856 2230 possunt
870 2162 895 2234 p
938 2136 994 2207 nlo
1008 2139 1206 2211 denunciare
1221 2136 1358 2205 festivita·

281 2233 350 2303 tes,
367 2236 400 2288 et
411 2222 539 2310 vigilias
554 2225 792 2301 contradicente
806 2224 867 2292 Par
930 2248 967 2307 o,
984 2248 1024 2292 ex
1040 2226 1165 2292 codem.
1184 2223 1263 2289 ibid.
1346 2254 1349 2263 ·

324 2309 495 2399 Nequeunt
511 2310 646 2379 Perochi
662 2314 773 2377 invitis
788 2250 1011 2379 confratribus
1030 2313 1195 2379 incorum
1213 2305 1357 2376 Oratoriis

279 2394 512 2553 hogeroclpppi
541 2399 694 2488 separetis
723 2399 839 2465 docere
867 2399 1050 2471 doctrinam
1078 2396 1303 2481 christianam,
1325 2411 1358 2460 ex

279 2506 301 2553 e
363 2506 407 2549 m.
432 2506 443 2549 r
467 2508 477 2548 ι
504 2529 514 2548 .
647 2525 656 2542 ·
928 2538 932 2545 r
968 2530 972 2535 »

324 2570 363 2637 ln
384 2591 496 2638 eorum
510 2566 658 2637 Ecclesiis
675 2568 815 2662 publicis
827 2568 940 2637 haberi
959 2585 1093 2662 possunt
1111 2569 1209 2636 etibm
1233 2579 1365 2652 negans

279 2655 424 2740 Perocho
440 2657 610 2722 conciones
625 2679 684 2747 per
701 2671 802 2723 totam
816 2656 1115 2744 Quadrigarium,
1135 2654 1356 2724 caedrorum

280 2741 440 2835 publice,
457 2765 497 2808 ex
510 2742 636 2809 eodem.
654 2741 736 2809 ibid.

324 2829 474 2895 Vicissim
491 2850 558 2895 non
584 2844 689 2919 potest
704 2830 739 2894 in
753 2828 858 2896 dictis
880 2824 1044 2904 Ecclesiis‚
1066 2827 1135 2894 nisi.
1148 2823 1241 2894 uliter
1259 2823 1357 2913 dispo·-

279 2929 380 2982 nente
398 2914 580 3004 Episcopo,
596 2912 770 3001 celebrari,
784 2938 841 2983 seu
855 2918 977 2983 mutari
995 2914 1096 2983 Missa
1108 2914 1187 2982 ante
1198 2909 1356 3003 parochit-

279 2998 367 3085 lem,
388 3023 428 3067 ex
444 3000 569 3066 eodem.
586 3000 667 3069 ibid.
780 3007 791 3041 ·'
969 3063 973 3070 .

326 3087 378 3152 Ad
397 3084 576 3153 Paroclrum
594 3101 835 3177 tamen-spectat
850 3084 989 3159 officium
1004 3085 1141 3155 funebre
1152 3086 1257 3152 lacere
1272 3100 1355 3171 super

282 3171 491 3242 cadaveribus
508 3168 698 3264 sepeliendis
712 3175 748 3240 in
763 3175 953 3264 supradictis
967 3170 1136 3257 Ecclesiis,
1158 3170 1286 3263 quandd
1307 3182 1354 3264 ¹¹ss

280 3280 356 3330 men
368 3260 537 3329 defunctus
552 3257 758 3334 ruminandus
774 3276 822 3328 est
833 3261 992 3352 subjectus
1006 3259 1170 3344 ramus,
1182 3259 1268 3324 intra
1279 3256 1357 3344 cujus

281 3349 363 3418 fines
379 3363 424 3412 est
441 3342 582 3413 Ecclesia
598 3342 666 3413 illa.
734 3349 740 3357 ‘
817 3383 820 3389 ,
843 3402 847 3410 .
1024 3384 1028 3391 ,
1344 3346 1348 3351 ’

325 3434 364 3501 ln
377 3430 943 3501 Prorestonibuscsnteatsrntuum
956 3435 1045 3513 extr-b
1060 3431 1219 3499 ambitum·
1234 3448 1295 3496 sae
1307 3423 1355 3492 Ec·

282 3514 385 3590 clesite
400 3520 484 3610 (qnae
500 3518 604 3584 tannen
622 3516 691 3585 fieri
705 3542 773 3586 non
788 3536 921 3611 possunt
936 3517 1054 3611 absque
1067 3517 1197 3584 licentia
1212 3537 1267 3582 seu
1277 3510 1355 3600 Epis

281 3607 358 3699 copi
368 3628 445 3686 ,seu
456 3603 671 3673 Pbrochorurn
684 3602 830 3691 illorum,
842 3623 899 3696 pes
913 3627 1051 3695 quornm
1063 3603 1258 3672 territorium
1270 3615 1355 3665 trans

283 3690 427 3763 eundum
451 3690 519 3777 est)
543 3688 708 3780 capellani
731 3689 858 3759 illerum
891 3693 979 3757 extri
1003 3689 1177 3759 Ecclesiam
1204 3685 1354 3779 proprian

282 3776 396 3855 nolam
411 3778 533 3845 deferre
550 3799 620 3845 non
634 3794 787 3868 ponunt,
803 3798 843 3843 ex
858 3777 982 3844 eodem.
1000 3776 1046 3844 iu.

326 3863 501 3933 ncoedenti
512 3863 727 3954 sumopere
739 3862 899 3931 Ecclesiae
915 3886 1026 3934 cenum
1039 3860 1130 3953 publi
1134 3880 1202 3947 cas,
1261 3880 1285 3923 ae
1294 3875 1350 3921 non

282 3965 358 4017 sunt
381 3945 615 4035 Regularium,
633 3970 738 4060 nenne
760 3972 821 4041 pro
845 3950 930 4030 rubin
949 3949 1122 4018 Rectorem·
1143 3947 1223 4015 bene
1246 3946 1350 4012 ciatun

278 4034 404 4190 abent
416 4038 664 4190 ’nldmim
686 4061 705 4106 a
726 4034 808 4111 Paro
850 4059 874 4133 o
895 4035 1116 4140 e·
962 4038 969 4051 '
1141 4056 1207 4105 non
1230 4048 1285 4107 est,
1307 4027 1348 4095 ΕΙ

346 4140 409 4188 fimo
461 4144 473 4185 l
506 4160 509 4163 ⁴
1000 4137 1006 4149 ⁷
1219 4164 1224 4175 ·
