2942 4717
187 347 191 355 ,
233 347 237 355 .
278 373 281 382 ,
321 289 826 389 capit.x.§111.nrevnpmts
841 294 1065 367 oratmtntal.
1100 347 1104 356 ·
1176 320 1239 394 ¹79
1268 286 1281 314 '

132 434 136 442 ·
161 403 468 486 rrlmultltudirrem
490 405 723 505 peccatorumss
750 436 780 483 ι.
807 404 1241 503 Pet.418.*0bserretur

165 503 218 590 id,
247 505 350 603 quod
366 506 406 580 in
428 509 550 607 Opere
572 507 704 582 morali
723 507 862 581 dictum
881 523 935 582 est
963 511 1059 581 circa
1084 510 1154 580 hoc
1173 509 1196 580 l.
1215 506 1241 587 6

165 628 198 704 u.
212 604 296 700 442.
313 602 410 680 Ven.
428 610 545 680 sorori
565 604 687 678 Mariae
709 604 900 681 Crucifixae
924 607 997 678 risa
1018 606 1087 679 snit
1112 609 1241 704 ingens

164 699 324 800 quaedam
341 701 514 790 flamma,
535 703 574 774 in
600 729 739 804 quarn,
762 730 848 777 cum
884 710 1056 802 projecte
1088 703 1242 780 luissent

162 798 326 896 quedam
344 801 459 899 paleae
475 857 484 890 ‚
498 802 619 875 statim
639 803 719 876 risae
735 800 886 875 inerunt
903 803 1072 877 consumi
1090 830 1099 872 ε
1119 817 1155 875 et
1172 803 1241 880 hac

159 896 289 970 risione
304 894 537 974 einstensum
551 893 641 986 fuit,
658 899 761 1000 quod
778 925 845 1000 per
864 926 980 974 unum
995 916 1119 974 actum
1136 926 1243 974 amo·

160 994 204 1073 ris
221 995 455 1085 auferantur.
481 1013 517 1072 at
547 1021 592 1070 ue
615 993 884 1072 consumantur
913 1000 951 1071 in
969 1000 1089 1072 anima
1114 1023 1243 1076 omnes

159 1092 275 1191 culpe
287 1097 506 1172 commisse.
520 1024 677 1171 locedii
693 1095 753 1186 id‚
771 1094 874 1196 quod
889 1094 997 1171 docet
1010 1098 1044 1170 S.
1064 1097 1243 1188 Thomas,
1295 1134 1302 1140 ·

157 1190 307 1291 nempe,
318 1193 654 1292 quemlibstactum
670 1194 804 1268 amoris
820 1197 949 1269 mereri
959 1222 1073 1268 unum
1084 1195 1245 1295 gradum

157 1288 277 1393 glorie
295 1308 448 1366 aeterne„
471 1292 620 1395 Quilibet
634 1308 733 1366 actus
752 1291 936 1366 clun'tott's
960 1310 1109 1365 meretur
1135 1293 1243 1366 rr‘tam

156 1402 333 1460 curnam.
359 1393 474 1470 Actus
502 1405 627 1466 antem
655 1390 843 1464 charitatis
866 1405 954 1466 sunt
976 1391 1096 1467 dicere
1117 1391 1244 1466 :Dens

156 1483 223 1575 mi,
250 1511 360 1584 super
377 1491 498 1578 amotis
519 1506 554 1563 te
576 1489 722 1562 astruis.
753 1489 802 1561 Te
824 1488 927 1588 diligo
953 1515 1002 1561 ex
1030 1505 1103 1562 toto
1125 1491 1248 1573 cordes

159 1579 268 1678 Capris
289 1585 383 1658 teob
399 1583 558 1662 omnibus
572 1584 677 1685 diligi.
691 1587 768 1661 Aut
783 1613 821 1660 se
836 1601 954 1661 totum
969 1587 1101 1661 divinae
1115 1589 1244 1682 volun·

155 1683 217 1754 tati
232 1685 462 1759 committere
475 1742 485 1770 ,
496 1682 653 1762 ilicendo
665 1710 675 1773 ς
685 1683 953 1778 nominasse,
964 1701 1003 1757 ut
1012 1707 1245 1783 cognoscam,

154 1777 251 1876 quod
263 1779 328 1854 tibi
340 1782 386 1855 de
406 1809 465 1857 me
480 1781 710 1879 placatfien‘,
730 1807 815 1854 nam
832 1797 1014 1878 promptus
1032 1808 1108 1855 sum
1126 1784 1177 1854 ad
1191 1798 1246 1855 to·

150 1890 224 1948 mm
238 1878 498 1979 exequendum.
516 1885 590 1954 Aut
603 1904 642 1955 se
657 1880 706 1960 ist
723 1878 854 1955 offerat
867 1879 945 1955 Deo
963 1934 973 1968 ‚
991 1880 1084 1982 quin
1096 1878 1166 1953 sibi
1180 1873 1246 1954 ali·

29 2009 30 2076 3
155 1974 243 2074 quid
264 1991 446 2065 reservet,
472 1979 630 2054 diceudo
648 2004 659 2053 a
678 1979 775 2053 Ecce
791 2005 868 2066 me,
884 1980 929 2051 de
945 2005 1023 2070 me,
1050 1995 1087 2050 et
1111 1977 1155 2049 de
1172 1978 1250 2067 tiss

29 2129 30 2158 q
154 2095 228 2172 quoe
243 2074 369 2149 adme
382 2078 580 2172 pensitant,
595 2078 818 2174 disponente
836 2092 897 2152 tua
919 2077 1105 2164 roborate.
1131 2077 1178 2149 Et
1204 2075 1245 2166 lsi

29 2183 30 2198 ³
156 2186 258 2246 actus
269 2171 464 2250 oblationis
476 2171 677 2256 snutactus
692 2176 826 2249 amoris
839 2229 850 2260 ,
865 2176 929 2275 qui
947 2172 1052 2248 valde
1066 2189 1153 2249 suut
1166 2178 1244 2268 Deo

29 2317 30 2364 ᾖ
157 2271 283 2354 cordi.
305 2278 497 2374 propterea
509 2275 546 2348 S.
565 2271 738 2350 Thercsia
756 2271 996 2375 quinquagies
1013 2271 1245 2372 quolibetdie

29 2367 33 2430 ἶ
157 2392 195 2442 se
211 2369 292 2444 Deo
309 2369 494 2446 offerebat.
511 2372 582 2445 sed
598 2372 694 2448 inter
710 2372 781 2445 alia
800 2369 1034 2473 praestantiirs
1052 2367 1121 2444 erit
1142 2367 1245 2444 dicc-

30 2465 34 2474 ’
117 2469 121 2476 ’
156 2490 196 2543 re
214 2495 222 2539 ε
238 2467 389 2566 Gaudeo
406 2471 505 2544 Deus
520 2468 590 2563 mi,
607 2468 691 2572 quia
717 2495 782 2560 cr,
801 2468 862 2568 qui
880 2495 919 2541 es
933 2497 946 2539 .·
960 2468 1058 2568 quod
1077 2466 1128 2541 sis
1145 2495 1247 2541 sum-

30 2585 35 2670 }
156 2587 254 2641 mum
283 2563 413 2640 bonum
433 2565 559 2640 nulius
581 2565 742 2667 indigens
766 2583 829 2641 etc.
860 2565 954 2642 Cum
981 2580 1102 2640 autem
1124 2569 1247 2646 anima

156 2680 398 2762 cognosceret
414 2691 452 2741 se
467 2693 508 2740 su
538 2663 736 2740 ematurali
752 2663 828 2740 sive
849 2663 968 2740 inlust
986 2666 1248 2742 recollectione

30 2799 33 2846 ς
160 2762 340 2840 elevatam
357 2768 372 2861 (
383 2779 422 2836 ot
437 2790 477 2837 er
508 2693 656 2838 loetum
676 2779 730 2838 est
745 2791 847 2838 num.
869 2763 974 2858 133.)
988 2777 1077 2836 tunc
1095 2787 1170 2836 non
1189 2763 1251 2836 de·

29 2893 30 2966 3
154 2850 262 2942 beret
273 2863 351 2960 ipsa
366 2862 433 2937 niti
446 2792 597 2938 alutias
611 2878 712 2937 actus
727 2860 927 2950 faciendos,
942 2877 1074 2962 preter
1089 2859 1185 2952 illos,
1199 2860 1249 2936 ad

29 2971 30 2982 ’
158 2984 256 3058 quos
270 2961 380 3035 sentit
396 2987 434 3034 se
452 2966 470 3036 a
492 2964 571 3037 Deo
590 2964 748 3035 suaviter
768 2959 885 3050 trahi;
904 2988 992 3034 curn
1009 2958 1142 3034 debeat
1158 2974 1248 3034 tnnc

29 3133 30 3142 ,
158 3060 287 3132 animo
299 3060 502 3134 amabiliter
519 3061 662 3134 intento
680 3060 868 3134 attendere
882 3058 929 3134 ad
948 3059 988 3131 id
1006 3113 1015 3146 ‚
1036 3057 1133 3157 quod
1151 3059 1250 3132 Dens

29 3169 30 3172 ’
97 3231 107 3247 ‚
156 3156 196 3230 in
213 3184 258 3232 ee
273 3173 458 3254 operatur.
480 3158 656 3260 Alioquin
673 3156 865 3232 obstaculo
887 3172 1008 3258 posset
1021 3183 1098 3231 esse
1120 3156 1250 3231 dirioae

29 3295 30 3352 r
156 3256 379 3356 operationi.
393 3259 550 3357 Insuper
562 3272 709 3330 notetur
722 3254 792 3347 {lut
808 3255 961 3330 advertit
976 3257 1010 3329 S.
1032 3255 1250 3332 Francircus

159 3353 348 3438 Salesius,
363 3355 465 3455 quod
476 3357 508 3429 si
519 3362 696 3455 umquam
708 3352 864 3452 Spiritus
881 3354 1000 3429 Sancti
1017 3352 1136 3428 afflatu
1149 3379 1254 3443 mens

160 3469 291 3531 nostra
311 3450 358 3530 ad
378 3455 539 3553 aliquem
569 3453 709 3528 bonum
731 3452 901 3526 affectum
929 3452 1012 3526 ante
1038 3448 1254 3525 considera·

158 3550 305 3628 tionem
328 3560 508 3628 concitata
537 3550 673 3637 fuerit,
700 3566 791 3626 tunc
820 3549 1026 3652 posthabita
1045 3551 1258 3624 considera·

160 3650 266 3750 'tioiqe
283 3706 293 3737 ,
310 3648 413 3725 locus
430 3650 576 3730 dandus
595 3649 641 3725 sit
667 3649 875 3736 affectibus,
902 3647 987 3726 riam
1007 3647 1255 3722 consideratio

159 3747 210 3846 ad
227 3743 266 3824 id
279 3746 452 3840 deservit,
466 3766 507 3824 ut
519 3746 667 3828 affectus
684 3749 915 3825 concitentur
928 3745 1071 3848 :quare
1082 3803 1092 3835 ,
1105 3744 1256 3826 obtento

162 3847 242 3929 fine
255 3906 265 3933 ,
279 3847 447 3924 *medium
463 3847 803 3952 derelinquendum
819 3863 886 3921 est.

197 3951 302 4023 aaa.
320 3947 413 4022 Item
432 3947 666 4042 summopere
695 3949 794 4046 jurat
817 3943 1012 4048 petitiones
1028 3943 1069 4018 in
1093 3941 1257 4048 oratione

159 4045 364 4141 ¹repetere.
389 4069 484 4119 cum.
503 4043 730 4136 humilitate,
762 4062 798 4118 et
820 4044 958 4118 fiducia
985 4042 1261 4138 exposcendos

106 4157 108 4161 ’
158 4134 246 4220 Deo
263 4169 375 4223 suum
396 4141 527 4221 lumen
542 4201 553 4247 ἶ
570 4160 810 4246 peccatorum
827 4142 1101 4235 remissionem,
1131 4158 1261 4244 perae*
1369 4173 1372 4180 ·
