2942 4717
377 295 457 388 cap.
474 290 532 362 ῙῘΙ.
547 296 599 365 De
612 296 779 366 ordinibus
795 298 829 365 in
849 295 965 390 specie.
1138 291 1201 386 367

140 399 367 482 homicidium
387 408 521 484 iactum
535 434 545 498 3
561 410 599 483 in
620 410 734 484 dubio
748 410 867 498 enim,
886 433 932 481 an
948 405 1029 507 quis
1044 405 1091 480 ad
1103 405 1202 480 illud

137 508 352 578 concurrerit
374 506 429 579 rel
449 535 514 598 ne,
533 507 689 581 babetur
710 507 752 581 iat
771 506 994 606 irregularis.
1009 503 1063 577 ib.
1079 506 1203 602 mdqp

141 601 220 674 dub.
231 603 266 675 3.
276 604 487 680 Notandum
504 634 536 679 2:
549 607 652 705 quod
665 608 710 680 ad
724 603 1203 701 incurrendumirregulari·¹

138 715 237 774 tatem
253 728 296 773 ex
311 702 468 794 delicto,
490 706 697 804 requiratur
713 702 843 777 saltem
860 704 1010 778 scientia
1025 700 1115 800 legis
1128 704 1204 800 ch

138 797 337 880 clesiasticac
377 802 618 900 prohibentis.
649 808 861 877 Anantem
898 803 1007 876 eriam
1041 801 1203 875 scientim

138 899 270 994 poenaei'
294 898 535 994 probabiliter
562 900 684 975 adhinc
713 901 896 974 affirmant
926 900 1076 974 Nararr.
1107 898 1205 997 Sylr.
1252 941 1255 947 .

137 994 258 1067 bench.
278 999 444 1097 Castrop.
461 1002 575 1075 Ronc.
591 1000 923 1099 erc.=1rregutaritas
935 997 1078 1071 tollitur
1095 1024 1124 1069 r.
1140 1019 1206 1094 per

136 1094 364 1188 cessationem
385 1123 521 1183 causae,
544 1101 573 1172 si
590 1100 636 1173 sit
652 1126 696 1171 ex
714 1098 861 1171 defectu
877 1097 1009 1182 aetatis,
1029 1097 1207 1194 ignoraui

134 1191 209 1276 tiae,
229 1207 293 1266 aut
312 1198 559 1293 paupertatis,
582 1199 637 1271 vel
658 1197 817 1270 insamiae
837 1197 942 1288 sacti„
961 1220 1042 1292 quae
1059 1194 1206 1268 tollitur

134 1291 236 1366 ellim
257 1317 322 1384 per
341 1296 584 1371 mutationem
604 1296 696 1385 loci,
720 1310 783 1368 aut
799 1320 864 1394 per
880 1293 1172 1374 emendationem
1192 1313 1202 1381 3
1235 1318 1251 1358 a

31 1409 33 1486 g
132 1413 210 1459 nam
225 1387 336 1476 alias,
353 1392 384 1462 si
400 1406 455 1464 est
474 1394 582 1492 juris,
600 1394 740 1468 scilicet
756 1418 822 1491 per
832 1392 1070 1475 sententiam,
1087 1393 1207 1488 requi·

31 1489 33 1492 ’
133 1484 221 1557 nitur
235 1487 470 1586 dispensatio.
487 1517 521 1565 a.
538 1493 608 1564 Per
619 1493 847 1592 Baptismum
858 1495 870 1568 (
881 1491 911 1561 si
926 1493 969 1560 sit
983 1515 1028 1564 ex
1042 1489 1208 1585 delicto.)
1300 1523 1310 1536 ·

133 1584 166 1657 3.
178 1586 245 1755 Ιέἓι·
254 1586 580 1687 dispensationem.
592 1595 630 1686 4.
645 1592 715 1664 Per
727 1589 986 1690 professionem
999 1586 1206 1686 religiosam

131 1705 166 1760 tl·
232 1710 264 1755 2.

31 1777 32 1848 l
139 1823 143 1830 ·
175 1779 426 1881 Irregularitas
441 1785 510 1859 alia
529 1802 584 1860 est
599 1771 641 1861 ex
653 1785 777 1860 delt'cto
786 1839 804 1870 ,f
812 1783 880 1884 alia
896 1810 939 1858 ex
951 1781 1098 1877 deflectu.
1117 1781 1247 1854 bre-⁸³
1273 1871 1277 1878 ⁸

31 1935 32 1982 q
134 1878 338 1975 gularitates
356 1910 398 1957 ex
417 1886 560 1978 delicto,
582 1902 668 1959 sunt
683 1913 756 1958 sex.
774 1886 802 1959 l.
821 1883 881 1958 Ob
898 1884 1126 1981 Baptismum
1144 1905 1209 1952 se*

30 1985 32 2076 l
132 1974 203 2075 rib,
229 1997 266 2052 et
285 1982 443 2056 scienter
462 1986 652 2073 iteratum,
677 2001 713 2058 et
731 2000 821 2058 tunc
847 1985 888 2055 fit
904 1982 1111 2080 irregularis
1130 1984 1207 2052 tim

30 2101 31 2168 ss
130 2073 334 2173 baptizans,
353 2084 465 2178 quim
486 2082 700 2183 baptizatus.
717 2083 765 2155 ΙΙ.
785 2081 843 2154 Ob
865 2080 1098 2154 violationem
1115 2103 1212 2149 cen-¹

30 2175 31 2228 ἶ
129 2200 239 2261 surae,
258 2178 393 2276 nempe
410 2183 439 2250 si
458 2184 538 2282 quis
555 2186 595 2254 ed
609 2183 805 2254 innodatus
821 2180 977 2254 scienter
993 2192 1135 2251 exercet
1148 2202 1212 2248 acc

30 2271 31 2276 ’
129 2284 201 2345 tum
219 2274 370 2347 Ordinis
384 2277 621 2369 'solemnitcr3
637 2282 700 2354 Ill.
722 2278 782 2351 Ob
802 2293 992 2377 peccatum
1009 2334 1018 2364 ,
1037 2302 1111 2375 quo
1130 2274 1210 2347 cle·⁸

128 2369 224 2444 ricus
238 2375 400 2447 scienter
418 2392 453 2448 et
470 2378 700 2452 scribentum
716 2376 865 2450 Ordinis
878 2377 991 2465 sacri,
1006 2401 1113 2472 quem
1131 2398 1211 2445 nom

129 2465 260 2558 babet,
288 2469 501 2546 solemniter
522 2492 664 2550 exercet
683 2502 692 2560 3
716 2476 781 2548 lv.
803 2473 864 2548 Ob
889 2473 1031 2565 aliquas
1058 2473 1209 2543 furtivas

28 2585 30 2666 ζ
119 2569 380 2670 'susceptiones
405 2571 591 2646 Ordinum
607 2603 615 2644 ε
634 2575 726 2646 idest
751 2601 779 2645 1.
800 2574 830 2645 si
851 2575 932 2670 quis
948 2571 1082 2667 accipit
1094 2570 1214 2640 ordi-¹*

129 2689 210 2739 nem
228 2667 309 2742 sinti
328 2666 593 2767 approbatione
608 2671 804 2769 Episcopi,
821 2695 863 2741 cx
877 2696 908 2741 c.
926 2668 1026 2741 deco
1041 2668 1107 2765 qui
1120 2668 1209 2741 furt.

28 2759 30 2832 i
127 2779 193 2837 etc.
211 2768 296 2839 atsi
309 2764 448 2867 absque
460 2768 727 2870 dispensatione
741 2768 905 2866 ejusdem
921 2764 1214 2867 suscipiteddem'

28 2903 29 2908 κ
100 2899 102 2904 >
128 2861 183 2936 die
201 2863 327 2962 plui‘cs
345 2866 503 2940 Ordines
522 2924 531 2951 ‚
552 2894 711 2969 quorum
732 2895 826 2942 unus
849 2882 904 2940 est
921 2891 1041 2955 sacer,
1067 2891 1109 2937 ex
1129 2888 1160 2936 e.
1187 2889 1210 2935 2

127 2962 202 3035 et3
226 2962 308 3036 eod.
334 2966 389 3039 tit.
416 2966 450 3039 3.
474 2968 547 3059 Qui
573 2981 655 3066 post
674 2966 953 3038 matrimonium
977 2958 1214 3037 contractum*
1311 2964 1314 2968 ’

128 3059 209 3133 ante
223 3064 577 3138 consummationem
589 3065 721 3164 accipit
732 3063 910 3138 Ordinem
923 3088 1085 3144 sacrum,
1100 3087 1210 3134 uxore

83 3221 87 3232 .
127 3158 326 3246 renitente,
338 3187 380 3231 ex
394 3164 539 3238 Extrav.
552 3166 724 3262 Antiquae
739 3164 785 3235 de
796 3178 877 3233 voto
892 3190 927 3234 n.
943 3160 1027 3234 356.
1043 3161 1217 3233 Diximus:

127 3270 249 3344 autem
270 3257 313 3328 ob
330 3259 490 3355 alr'quas,
502 3289 589 3336 nam
604 3261 683 3334 aliae
703 3262 844 3334 sortire
860 3259 1045 3333 Ordinum
1062 3279 1217 3355 suscep-¹

125 3355 243 3428 tiones
253 3372 486 3430 ,enumeratae
508 3363 546 3433 in
574 3362 643 3433 bac
662 3365 733 3459 Ap.
757 3357 939 3431 inducunt
957 3356 1102 3429 tantbm
1126 3382 1218 3427 sus··

128 3454 369 3552 pensionem(
379 3457 427 3528 Pa
458 3482 487 3529 re
501 3459 652 3557 quidem
663 3472 881 3532 reservatam
895 3457 943 3539 ,si
961 3471 1015 3536 est
1031 3453 1221 3555 publica),

29 3576 32 3585 ·
128 3550 190 3624 sed
210 3578 287 3626 non
303 3484 619 3652 irregulbritatem.
639 3559 689 3631 Et
707 3557 806 3629 idem
828 3553 1067 3655 probabiliter
1083 3551 1219 3656 dicen-»¹

127 3647 219 3724 dum
240 3652 285 3723 de
301 3677 365 3739 eo,
387 3654 450 3750 qui
471 3659 623 3728 censuri
645 3658 806 3731 irretitus
824 3680 969 3727 sacrum
988 3652 1118 3748 accipit
1138 3653 1218 3723 Or-·

126 3745 274 3834 dinem,
290 3750 428 3823 scilicet
452 3753 557 3851 quod
576 3780 651 3826 nou
670 3758 734 3829 fiat
756 3753 965 3851 irregularis
986 3751 1055 3837 nisi
1073 3752 1110 3820 in
1133 3751 1142 3820 i
1172 3773 1210 3821 sa

125 3846 353 3920 ordinatione
365 3848 544 3922 Ordinem
559 3851 656 3925 ultrd
670 3866 850 3939 exerceat,
866 3854 964 3948 juxta
979 3847 1137 3919 dicenda
1147 3775 1213 3920 lite

126 3967 163 4016 n,
179 3969 240 4057 9¹·
257 3945 305 4017 V.
325 3945 372 4018 ob
388 3952 550 4036 enormia
567 3952 745 4039 crimina,
765 3950 795 4021 si
816 3947 890 4021 siirt
907 3949 1055 4046 publica
1078 3960 1113 4018 et
1138 3973 1216 4020 uo·-

124 4053 217 4113 torra
236 4043 358 4129 facto,
378 4046 554 4146 vel-jure,
572 4048 841 4147 habeantquei
860 4053 939 4143 jure
959 4071 1136 4117 annexam
1154 4045 1212 4117 in·

125 4138 294 4226 lamiam,
314 4156 356 4215 ut
370 4159 454 4215 sont
469 4145 710 4240 adulterium,
728 4150 912 4232 incestus,
927 4143 1113 4231 sodomia„
1132 4169 1214 4242 per·

125 4237 263 4338 jurium
278 4240 318 4316 in
336 4241 498 4349 judicio,
516 4244 685 4342 heresis,
703 4246 886 4350 simonia,
903 4244 1033 4347 rapina
1043 4298 1061 4349 ἶ
1075 4240 1218 4319 lenoci-
